3156 5032
615 451 660 510 Vl.
688 447 790 521 hymni.
1249 453 1311 519 435

166 621 302 682 Exeunte
327 623 442 682 soeculo
467 639 492 681 11
516 622 563 682 vel
587 623 702 680 ineunte
727 637 760 680 ιιι
790 620 906 680 titulum
937 621 1111 698 insculptum
1140 641 1204 682 esse
1235 623 1312 683 vidit

87 716 218 791 Boeclrh,
239 735 297 794 quo
318 718 435 796 quidem
454 724 584 795 tempore
605 734 691 776 sacre
709 713 882 792 Telesphori
902 717 939 775 ad
966 715 1142 792 placandam
1175 717 1311 795 pestilen-

87 812 159 870 tium
178 813 312 871 Athenae
333 811 474 870 manslnte
500 817 605 872 essent.
646 809 736 869 Cuius
760 809 802 868 rei
829 812 901 871 sctis
925 812 1111 870 memorabile
1137 819 1225 887 atque
1251 831 1311 871 cer-

86 913 149 966 tum
170 913 203 966 ut
222 907 338 967 videtur
356 904 556 964 testimonium
581 905 723 981 suggessit
747 903 821 963 mihi
843 903 996 964 Neubcuer
1020 925 1057 966 ex
1083 906 1194 966 duobus
1220 906 1311 964 titulis

86 1002 185 1061 atticis
209 1002 333 1076 (Philist.
355 998 399 1059 Ill
421 997 477 1058 549
502 1005 533 1058 et
555 999 671 1075 Epheso.
698 997 789 1074 3204)
816 999 917 1059 eodem
941 999 996 1060 illo
1023 1007 1155 1078 tempore
1183 999 1310 1076 scriptis,

86 1097 192 1174 quibus
212 1095 317 1172 ephebi
335 1113 417 1154 mors
441 1112 494 1152 suo
513 1093 645 1170 publicos
665 1109 713 1151 ree
732 1091 842 1151 imitati
863 1093 1036 1173 Τελεσψορον
1051 1091 1234 1168 Ἀσκληπιοῦ,
1258 1091 1311 1152 νέον

85 1181 149 1251 θείν
173 1189 306 1250 sodalicii
340 1189 385 1248 sui
415 1186 578 1265 principem
606 1193 757 1266 receptum
785 1187 922 1246 referunt.
966 1187 1087 1247 Accedit
1117 1187 1164 1248 his
1193 1189 1310 1247 hermae

87 1283 187 1345 mutili
211 1283 406 1362 fragmentum
424 1281 576 1355 ineditum,
596 1281 677 1341 cuius
695 1282 785 1342 verbe

447 1409 679 1529 lisrnrnmnnror
692 1409 696 1488 Ι
708 1455 715 1470 .
727 1415 895 1490 ειιεῑῲονιιι

86 1541 161 1601 bene
189 1540 397 1618 interpretetus
429 1537 591 1599 Neubouer
610 1582 618 1599 .
639 1582 676 1601 ..
704 1582 712 1598 .
743 1530 840 1622 ‘Tyrio
870 1530 918 1600 xci
948 1539 1043 1620 storo
1073 1526 1241 1621 Τελεσφίριρ
1270 1537 1309 1600 ud

86 1637 210 1696 eandem
228 1655 290 1695 rem
311 1639 391 1692 certo
414 1633 521 1692 iudicio
541 1633 615 1693 vidit
634 1632 789 1711 pertinere.

165 1729 330 1789 Exordium
355 1727 449 1788 simile
474 1726 601 1805 Podagri
626 1727 723 1786 verbis
748 1727 883 1787 baculum
913 1729 1098 1806 adloquentis
1127 1731 1158 1790 in
1183 1731 1310 1792 Lucieui

90 1825 288 1901 Trogodoporl
315 1823 353 1883 58
367 1841 432 1900 sqq.
458 1818 555 1903 ἔγειρε,
584 1823 698 1901 τλῆμον,
727 1820 795 1896 γνῖο
822 1813 935 1901 θεμνίιον
960 1815 1012 1884 ν’ίσο
1034 1870 1041 1886 .
1062 1870 1070 1886 .
1091 1868 1100 1884 .
1121 1821 1255 1886 σνιέθοσον
1286 1821 1309 1884 θ’

87 1916 136 1978 ἀπ’
161 1910 251 1978 ι’ίσσιυν
277 1908 367 1998 νυ’χιον
393 1915 470 1998 ιἰέρος
497 1907 601 1994 βοίθος,
626 1935 684 1992 quo
710 1917 814 1976 eodem
838 1936 875 1976 ex
900 1917 1000 1978 libello
1020 1918 1117 1998 Bergk
1137 1919 1228 1993 (Pori.
1256 1921 1308 1996 lyr.

87 2012 116 2073 Il
138 2011 208 2089 575)
230 2012 369 2071 indicavit
388 2031 415 2070 v.
433 2012 489 2070 193
515 2009 731 2088 conparandum
762 2030 826 2070 cum
851 2011 953 2088 hymni
976 2014 1037 2072 v.4
1067 2004 1135 2072 νιλιίε
1156 2016 1211 2074 σῶν
1235 2013 1309 2094 tepor

87 2093 214 2187 μιρίινων
233 2095 337 2175 ἔνοποίς.
378 2105 490 2180 Quibus
510 2105 606 2163 verbis
627 2104 714 2163 simul
738 2117 815 2164 recte
839 2103 958 2163 Boeclrh
982 2105 1137 2166 coniecisse
1160 2108 1309 2183 evincitur,

87 2201 204 2261 titulum
225 2220 283 2260 nou
303 2200 339 2258 de
359 2199 476 2278 publico
495 2199 627 2274 consilio,
648 2199 698 2258 sed
718 2197 936 2258 asoccrdotibus
948 2200 1145 2259 indoctioribus
1157 2212 1183 2260 et
1190 2203 1308 2277 plebeiis

86 2297 198 2356 αιιοοίίι
222 2293 349 2372 positum
376 2313 453 2367 esse;
484 2313 562 2374 nem*
581 2296 636 2353 coir
660 2292 785 2372 μεροίνων
811 2300 845 2352 ut
872 2293 950 2369 opud
974 2293 1135 2354 Lucisnum
1159 2294 1308 2375 Podagrae

87 2389 178 2448 sacris
198 2389 342 2463 initiatos,
368 2388 460 2448 sicin
488 2388 574 2446 titulo
594 2386 764 2464 Aesculspii
789 2386 952 2446 secerdotes
977 2388 1129 2464 significet.
1170 2388 1306 2449 Tertium

86 2485 210 2561 denique
234 2485 362 2544 eiusdem
389 2482 480 2542 libelli
505 2481 645 2540 Lucisnei
669 2481 766 2540 locum
790 2480 920 2539 adferam
945 2482 984 2539 ed
1007 2502 1035 2539 v.
1051 2483 1096 2542 31.
1123 2515 1161 2526 -
1186 2482 1204 2539 θ
1232 2486 1303 2562 πρῶ-

85 2601 130 2638 τον
156 2577 250 2648 σθένος
274 2587 318 2638 est
339 2570 458 2652 ιΤγίεοι,
490 2577 570 2636 cuius
598 2577 724 2653 hymnus
749 2574 875 2652 primum
902 2582 980 2634 tenet
1004 2575 1109 2634 locum.
1153 2575 1213 2650 Qui
1242 2577 1305 2635 sive

84 2673 232 2752 Licymnii
252 2682 297 2732 est
317 2671 378 2730 sive
398 2670 574 2746 Ariphronis
595 2670 644 2742 (cf.
665 2669 765 2747 Bergk
784 2670 863 2728 Post.
886 2670 938 2743 lgr.
959 2667 1007 2726 III
1029 2667 1115 2746 1249)
1135 2670 1247 2748 integer
1266 2671 1303 2728 ab

85 2767 240 2827 Athenaeo
259 2766 320 2827 XV
342 2764 398 2825 702
409 2784 429 2825 c
448 2765 490 2823 sic
508 2765 634 2824 traditus
655 2774 712 2824 est:

159 2890 275 2971 Ῥγίειιι,
295 2915 315 2955 οι
315 2885 451 3008 ρεσβίσσοι
471 2884 614 2972 μοικιίριινν,
634 2881 708 3000 μετοῖ
730 2893 783 2951 cei
801 2884 899 2970 νοιίοιμι
918 2882 950 2949 ri
972 2877 1127 2971 λειπίμενον

164 2989 269 3068 βιοτᾶς,
291 3011 326 3049 ου
317 2979 380 3048 lt
397 3011 444 3068 μοι
465 2973 590 3098 πρίῴριινν
611 2977 730 3056 σιίνοιιοος
750 2982 812 3060 εἴης·

163 3081 185 3143 εἰ
204 3071 259 3164 ’γοίρ
278 3105 318 3153 τις
337 3109 352 3157 η
341 3073 494 3142 choo'rou
514 3067 592 3160 χοίρις
612 3107 627 3156 η
616 3073 749 3141 τεκέων

162 3199 249 3253 ητιις
270 3169 452 3256 ἰσοδαίμονος
458 3166 608 3252 ανθροίονοις
627 3169 819 3254 βοισιληίθ)ς’
806 3175 928 3254 οιρχοῒςη
917 3166 1051 3249 πο’,θιινν

83 3295 88 3306 ·
166 3262 212 3341 οθς
232 3266 353 3352 κρυφίοις
369 3261 595 3382 Ἀφροδίτας)
560 3293 580 3328 ιο
596 3291 673 3329 νουσιν
693 3258 853 3350 θηρεύομεν,

161 3358 179 3441 ἣ
197 3361 224 3424 εί
238 3387 278 3434 τις
298 3355 374 3424 ιίλλοι
393 3351 490 3424 θείθεν
509 3352 672 3444 οἱνθριιίσοισι
689 3355 824 3446 τέρψις
805 3389 821 3440 η
842 3385 927 3424 πονοιν
945 3351 1056 3444 ομπνοοί
1078 3371 1224 3445 σέφοιντοιι,

161 3481 237 3541 μεσοι
258 3481 322 3533 σειν,
316 3447 457 3572 μιίνοιιιρ’
475 3450 589 3534 Τγίειο,

159 3554 264 3616 τέθαλε
284 3541 374 3615 mim
393 3543 440 3612 κοί
460 3540 565 3631 λοίμννει
583 3557 645 3631 Χοιρ
648 3545 775 3632 ίσιονοιρ

52 3647 54 3650 ’
162 3646 242 3710 σέθεν
261 3643 290 3706 li
308 3639 391 3727 χωρὶς
411 3636 522 3716 ον’ίτιςι
504 3639 643 3724 eldelmi
668 3641 732 3724 ispo.

160 3774 322 3835 Exordium
341 3780 503 3851 praeterea,
528 3773 554 3834 si
573 3782 676 3834 testem
694 3773 782 3833 titulo
800 3771 861 3831 sere
880 3772 1032 3850 aequalem
1051 3772 1191 3849 requires,
1211 3773 1297 3834 Luci-

83 3887 157 3929 enus
177 3867 307 3928 servarit
325 3867 393 3944 (pro
414 3869 497 3943 lapso
515 3872 545 3926 ιὀι
564 3869 649 3928 solet.
666 3887 690 3927 c.
706 3867 748 3945 6),
761 3885 820 3925 non
834 3866 1000 3944 discrepans
1013 3867 1064 3924 ille
1077 3867 1114 3924 ab
1127 3867 1291 3930 Athenaeo.

82 3963 242 4041 Discrepst
261 3981 330 4021 vero
349 3961 395 4020 vel
415 3961 543 4020 maxime
562 3962 652 4039 lapis,
677 3962 759 4020 cuius
778 3962 820 4020 rei
839 3980 906 4020 cum
930 3961 959 4018 in
984 3959 1144 4019 sententiae
1171 3963 1296 4038 gretiam

82 4057 155 4116 nihil
174 4056 235 4115 iere
254 4057 280 4115 si
299 4075 389 4115 unum
410 4057 559 4133 exceperis
578 4063 719 4115 mutatum
739 4055 777 4114 sit
796 4055 870 4114 alioe
890 4073 996 4113 causes
1019 4055 1297 4132 circumspiciendse

82 4156 159 4210 suut
199 4148 279 4208 Nem
299 4159 331 4208 ut
349 4151 466 4209 mittem
485 4149 591 4208 mendo
609 4149 834 4227 orthographica
852 4157 881 4207 et
900 4147 1001 4207 leviter
1021 4157 1117 4206 errata
1136 4138 1297 4229 ciniphicum

82 4243 200 4322 (v.10),
218 4237 297 4323 χοίριν
316 4245 358 4322 (v.
372 4243 415 4321 9),
439 4241 535 4322 τέρψιν
555 4242 595 4318 (ν.
611 4243 675 4320 12),
701 4261 833 4320 quosque
851 4241 1004 4302 deterioris
1022 4242 1149 4303 sonasse
1168 4245 1296 4321 exempli

82 4337 222 4396 lectiones
242 4339 366 4412 luerunt,
386 4338 466 4396 velut
486 4339 537 4395 σοιῒ
555 4355 609 4413 pro
630 4338 682 4395 oei
701 4336 744 4412 (v.
758 4337 799 4414 7),
819 4329 881 4414 βίον
900 4355 955 4414 pro
968 4335 1064 4414 βιοτοῒς
1078 4336 1118 4412 (ν.
1133 4337 1174 4413 8),
1195 4335 1297 4412 ξυνείης

82 4431 133 4512 (de
158 4448 216 4510 quo
240 4432 341 4490 stetim
365 4431 473 4507 dicum)
496 4447 551 4507 pro
576 4417 694 4504 ξιίνοινιος
724 4427 776 4507 εἴης
805 4431 847 4507 (r.
862 4429 907 4506 8),
936 4430 1071 4507 denique
1089 4430 1296 4508 interpolatum

1041 4523 1094 4582 28⁶
