3150 5026
551 383 585 438 11.
609 381 747 438 hominnm
764 381 885 438 horona.
1264 385 1335 472 313ί

109 540 189 631 repis
208 553 286 612 idem
313 569 378 610 esse
404 561 492 628 atque
518 539 604 644 εἰκίνα
635 560 741 614 norunt
771 572 885 627 omncs,
914 553 949 612 cf.
976 543 1056 633 τιμὴν
1086 551 1240 630 ἀναστῆσον
1269 554 1327 616 alia

109 647 226 723 Ιθμλονο.
248 652 334 723 ερλρν.
356 649 404 707 λοι.
425 648 456 706 11
481 647 523 708 12.

26 1007 29 1010 Ι
108 928 186 991 9115.
228 929 369 1006 Gortyne.
399 929 431 989 0.
452 932 473 989 1.
496 930 571 988 2589
591 950 628 988 ex
648 929 760 987 schedis
775 927 977 1004 Pigafettianis
998 929 1078 1003 apud
1099 899 1267 1004 Gruterum,
1289 951 1325 989 ex

112 1025 240 1083 Cornelii
260 1025 335 1082 libro
359 1025 442 1084 Creta
461 1045 556 1098 οοονο,
578 1025 627 1102 qui
648 1023 732 1100 petiit
752 1041 788 1080 cx
810 1022 908 1081 codice
928 1020 1069 1082 Vaticano
1093 1023 1176 1097 1759,
1202 1024 1324 1102 denique

107 1139 144 1177 ex
164 1119 318 1178 Pocockio.

231 1239 407 1332 Ἑσπερίης
429 1239 539 1332 πάσης
559 1243 682 1325 χθονὸς
704 1235 843 1326 ῖῖθριμον
866 1239 1040 1332 ἰθυντῆρα,

309 1348 547 1430 ,Μαρκελλῖνον
570 1340 682 1432 ἄθρει,
708 1343 932 1433 θαρραλὲ[ο]ν
955 1346 1085 1433 ναμίην,

231 1440 389 1525 Ἑλλάδος
411 1443 536 1534 ἀγλαὸν
558 1443 660 1533 ἔρνος,
685 1438 722 1523 λῖς
745 1439 873 1533 εὐδικίῃ
896 1447 951 1512 καὶ
977 1441 1090 1536 ἀρωγῇ

309 1549 477 1634 κουφίζων
499 1543 622 1626 πόλιος
644 1551 750 1635 θῆκεν
772 1546 1013 1635 ἐλαφροτέρας

172 1655 191 1717 5
241 1641 380 1715 scivero
404 1651 460 1714 acl
484 1645 695 1734 apostocam
715 1649 823 1737 Δίκης
845 1646 1056 1736 εἰιιμιίρτνρα
1078 1655 1216 1735 θεσμῶν

307 1751 433 1838 βουλῆς
456 1751 513 1816 καὶ
541 1745 818 1837 Hippocraten
841 1745 1047 1838 ἕφημοσύνη.

185 1907 324 1968 Graviter
344 1905 522 1982 interpolata
536 1912 605 1965 sunt
618 1905 814 1984 Pigafettiana
827 1915 855 1963 et
871 1904 1055 1980 Corneliana,
1075 1909 1234 1986 integriora
1248 1929 1323 1985 quae

106 2003 137 2060 in
162 2002 293 2078 margine
319 1997 472 2058 Cornelius
496 1999 583 2058 habet
608 2018 739 2076 quaeque
763 1999 899 2058 Poooclre
925 2001 1060 2073 tradidit;
1091 2003 1190 2062 omnia
1215 2011 1249 2062 ut
1276 2023 1324 2063 res

104 2096 300 2173 perspiciatur
320 2096 451 2154 cuotabo.
473 2129 510 2138 -
535 2097 545 2151 l
570 2093 640 2152 Poc.
662 2110 836 2154 sznssfflrut.
849 2109 871 2152 0
892 2138 1014 2154 .....
1030 2112 1323 2175 ossrnomovnr...,

104 2189 210 2266 reliqui
231 2209 307 2266 quae
326 2189 421 2265 posui.
443 2223 479 2231 -
494 2188 511 2246 2
525 2177 688 2266 Μοίρκελλον
708 2185 719 2245 ί
743 2177 849 2266 θραοκῖς
871 2177 970 2268 μα’ρψε
992 2176 1072 2269 μίρος
1092 2186 1193 2272 ταμίην
1214 2192 1323 2253 Gruter

104 2285 271 2361 eademque,
297 2283 355 2345 nisi
376 2284 453 2360 quod
472 2281 658 2362 Μαρκελλῖνον
678 2283 775 2356 habet,
796 2280 950 2340 Cornelius
970 2284 1000 2342 in
1020 2291 1117 2359 textu,
1143 2288 1174 2345 iu
1193 2289 1324 2364 margine

103 2377 290 2459 Μαρκελλῖνον
315 2367 392 2457 α’ίθρει
416 2377 575 2458 θαρραλέον
599 2375 707 2456 ταμίην.
748 2376 881 2435 Pococke
905 2377 1090 2454 Μαρκελλῖνον
1116 2379 1171 2460 θρα
1192 2425 1198 2438 .
1220 2423 1227 2438 .
1249 2382 1324 2439 unde

104 2473 231 2533 dubitari
255 2480 355 2551 potest
379 2471 443 2554 ὁρᾷς
468 2472 651 2532 scribendum
678 2473 715 2532 sit
740 2491 778 2530 an
802 2490 869 2530 cum
889 2473 1036 2533 Boeckhio
1061 2462 1147 2552 οῖθρει.
1188 2475 1323 2532 Alterum

104 2566 231 2643 praetuli
260 2575 381 2645 propter
410 2566 588 2644 insequentis
617 2567 696 2625 tituli
727 2586 753 2626 v.
770 2568 795 2624 1.
820 2599 857 2609 -
884 2564 999 2624 Deinde
1029 2565 1180 2646 θαρραλέον
1210 2569 1322 2646 scripsi,

106 2661 268 2742 θαρραλέως
294 2661 417 2722 Boeclrh.
446 2695 480 2705 -—
509 2663 526 2719 3
553 2653 669 2733 εὐθοκίηι
693 2647 847 2718 Κυκλοίθων
877 2662 927 2734 γῆς
960 2658 1069 2719 Gruter
1100 2672 1128 2718 et
1158 2660 1322 2735 Cornelius,

104 2755 180 2814 alter
203 2767 301 2815 tanim
325 2757 357 2815 in
378 2756 510 2834 margine
535 2747 581 2814 καλ
602 2750 710 2838 sipost,
734 2753 868 2812 Pococlre
893 2771 1130 2834 ενοικοικκιοεον
1146 2801 1152 2814 .
1166 2801 1172 2813 .
1186 2788 1224 2799 -
1244 2758 1263 2814 4
1283 2771 1322 2814 ea

105 2893 112 2906 .
135 2893 142 2907 .
164 2896 170 2908 .
193 2893 200 2908 .
220 2849 292 2910 Poc.
313 2871 368 2929 pro
394 2851 488 2924 θῆκεν,
513 2849 647 2925 idemque
667 2829 726 2906 dd
747 2864 827 2907 neos
848 2893 854 2907 .
877 2893 883 2906 .
904 2868 958 2925 pro
984 2841 1147 2928 προθύροισι.
1167 2881 1203 2893 -
1226 2851 1249 2908 5·
1264 2849 1320 2909 ἐκι-

104 2936 239 3026 μοιρπίρη
260 2946 422 3020 Cornelius,
441 2955 600 3002 correctum
625 2943 655 3000 in
679 2945 817 3020 margine
837 2977 874 2987 -
896 2944 913 3001 6
934 2933 1093 3022 βινλῆκαῖ
1113 2936 1219 3025 Πιίρρον
1239 2944 1321 3020 θῆκεν

104 3038 223 3114 Gruter,
244 3040 346 3118 βουλῆς
366 3032 485 3118 κοίαυρος
506 3036 637 3112 criseis
661 3037 826 3111 Cornelius,
850 3039 880 3096 in
905 3040 1037 3117 margine
1062 3059 1131 3099 vero
1157 3029 1244 3117 βουλὴ
1274 3030 1322 3098 καὶ

104 3123 214 3214 Πιίρρου
235 3135 326 3209 θῆκεν.
365 3133 497 3192 Pococke
517 3148 857 3191 nouauimn.vvr0varr
879 3179 886 3191 .
910 3180 916 3192 .
937 3178 944 3192 .
966 3127 1133 3214 ἐφημοοκίνη.

182 3228 322 3288 Eiusdem
344 3228 425 3286 urbis
450 3227 524 3286 alius
549 3234 595 3286 est
619 3226 721 3286 titulus
746 3225 780 3286 G.
805 3227 827 3287 1.
849 3226 925 3286 2588
949 3219 1057 3288 Κίιντον
1080 3221 1217 3288 Καικίλιον
1238 3223 1321 3286 ‘Poo-

102 3321 204 3401 ᾠεῖνον,
230 3312 275 3381 νῖν
299 3315 442 3400 κροίτιντον
467 3310 624 3382 ιἰνθκίοατον
643 3310 749 3402 Κρίτης
774 3313 821 3380 καλ
846 3314 966 3402 Κυρήνης
987 3317 1126 3392 Kentos
1146 3310 1252 3402 Πκίρρος
1277 3311 1322 3382 riv

104 3407 197 3497 φίλον,
222 3417 271 3475 ubi
296 3437 362 3477 cum
384 3416 528 3496 Pyrrhum
554 3416 675 3475 eundem
700 3434 763 3474 esse
790 3425 899 3492 pateat,
932 3417 982 3492 qui
1006 3417 1170 3476 Marcellini
1195 3425 1322 3476 statuam

104 3513 267 3588 ponendam
289 3513 443 3586 curaverit,
464 3511 594 3587 sequitur
613 3519 766 3586 utrumque
786 3511 901 3568 titulum
915 3510 1107 3571 Constantino
1128 3513 1321 3588 antiquiorem

103 3623 182 3679 esee,
208 3607 316 3683 quippe
341 3606 392 3682 qui
417 3605 536 3664 Oretum
555 3604 745 3682 Cyrenenque
771 3605 936 3681 provincias
961 3607 998 3663 ab
1018 3604 1124 3664 Rufino
1145 3607 1321 3669 coniunctim

101 3701 323 3761 seminam
348 3699 528 3777 separaverit
553 3709 582 3757 et
603 3699 727 3757 alteram
754 3699 898 3758 consulari
923 3699 1045 3758 alteram
1070 3700 1201 3777 praesidi
1230 3700 1321 3758 adtri-

102 3795 206 3854 buerit
246 3795 308 3854 lam
334 3815 402 3855 voro
421 3793 608 3853 Marcellinus
628 3795 686 3850 v.l
716 3791 818 3852 ltaliae
838 3801 994 3867 corrector,
1020 3793 1082 3852 κθ
1108 3800 1244 3870 quaestor
1269 3793 1320 3852 ad·

102 3888 251 3966 pellatur,
269 3909 327 3966 quo
353 3898 473 3966 utroque
498 3907 616 3947 munere
642 3907 707 3946 cum
735 3907 791 3946 non
818 3888 909 3964 possit
936 3889 1034 3946 eodem
1055 3895 1188 3966 tempore
1206 3888 1321 3948 functus

103 4002 181 4057 esse,
207 3984 263 4043 hoc
287 3985 469 4043 statuendum
494 3983 620 4054 videtur,
634 4033 637 4040 ,
650 3983 719 4040 olim
745 3983 828 4042 illum
854 3983 930 4061 apud
956 3983 1108 4042 Cretenses
1134 3990 1320 4060 quaestorem

102 4084 208 4154 postea
227 4079 266 4136 ad
287 4077 456 4136 correctoris
478 4077 580 4136 ltaliae
600 4077 769 4155 dignitatem
789 4085 958 4154 provectum
983 4097 1074 4154 eoque
1099 4079 1166 4156 ipso
1191 4090 1320 4156 tempore

101 4191 168 4231 cum
188 4191 297 4232 novum
317 4173 403 4232 iniret
422 4190 527 4230 munus
548 4191 565 4229 a
586 4171 740 4248 Gortyniis
761 4179 858 4231 statua
884 4173 1057 4231 honoratum
1077 4191 1147 4231 csse.
1189 4171 1272 4247 Quae
1293 4172 1319 4230 si

102 4267 199 4325 minus
218 4267 306 4343 plane
326 4273 413 4344 pocta
433 4265 542 4324 dixisse
570 4267 696 4339 videtur,
722 4272 772 4324 aut
797 4267 888 4344 ipsius
913 4266 1089 4343 inculpanda
1113 4277 1158 4324 est
1181 4266 1320 4343 inperitia

102 4369 154 4421 aut
173 4361 413 4438 interpolatorum
434 4359 513 4420 daus
533 4360 614 4420 uobis
636 4359 753 4436 quidem
773 4379 829 4419 non
850 4359 1044 4442 deprehensa3
1065 4361 1123 4422 vid.
1143 4360 1239 4420 adnot.
1255 4359 1316 4426 crit.
