3142 5062
226 426 268 490 28
641 425 838 495 Epigrammata
855 425 1021 494 sepulcralia.

205 603 271 654 ¹eet
295 595 390 656 lectio.
431 583 543 674 rpe'ncue
569 617 654 675 ιιμιιις
681 597 801 654 ..κοιλ
823 595 944 656 Gumen.
965 613 1088 654 ΑιοιαΣ.
1115 595 1221 654 rarh'.
1242 613 1306 672 ego.
1348 594 1444 652 Mani·

227 690 333 748 festum
356 710 392 748 ex
413 690 568 767 participio
588 687 692 770 ἔχοντα
712 711 740 751 ν.
755 691 788 764 2,
813 691 969 750 secundam
989 709 1143 768 personam
1163 708 1228 748 esse
1248 689 1371 748 sormam
1391 709 1442 746 κι-

227 773 339 858 λιλπτει,
369 784 445 844 unde
474 804 579 844 nomen
610 784 762 862 proprium
794 785 928 844 vocativo
957 804 1026 844 casu
1054 784 1180 860 positum
1210 801 1276 841 esse
1304 780 1444 857 sequitur.

226 877 291 937 Non
321 878 388 936 nori
419 878 551 955 equidem
572 869 677 938 ’Ίιιατιι
704 898 824 952 nomen,
854 889 884 937 at
909 879 1050 939 traditum
1075 879 1199 938 videtur.
1246 877 1376 936 Gravius
1401 887 1445 934 est

226 972 304 1048 quod
331 972 359 1032 θ’
380 973 489 1032 inserui
496 995 504 1046 ;
530 973 647 1033 rideant
670 974 762 1052 periti.
785 1008 823 1018 -
843 975 860 1032 4
881 974 996 1035 delendi
1017 974 1140 1033 fortasse
1160 981 1255 1050 potest
1274 971 1352 1048 quod
1372 970 1442 1028 olim

225 1059 392 1127 coniecisti
411 1055 504 1142 (efran
526 1067 650 1147 taetra
672 1092 693 1126 ν.

224 1242 278 1303 85.
321 1245 354 1304 In
376 1246 453 1308 urbe.
496 1245 617 1306 Cumsn.
639 1247 724 1306 3500.

352 1393 457 1433 nomen
477 1376 630 1436 defunctae
651 1373 722 1463 καὶ]
745 1372 848 1461 μητρὶ
870 1372 972 1460 φίλης
994 1373 1051 1439 καὶ
1074 1371 1178 1457 πατρὶ
1202 1373 1383 1460 [modereris

428 1473 566 1564 napheg
586 1473 711 1558 τύμβον
734 1470 816 1563 ὁρᾶν
836 1470 931 1541 τόνδε
955 1471 1148 1564 πρό[ςιλθε,
1173 1473 1263 1558 φίλε.

354 1567 478 1662 ἤσκουν
498 1575 560 1659 μὲν
581 1575 619 1641 τὸ
642 1577 773 1642 δίκαιον
795 1572 995 1666 ἑμιμού[μην
1017 1575 1113 1642 τετὸ
1137 1572 1248 1652 καλόν,

429 1674 464 1743 ἐν
481 1680 540 1742 τῶι
566 1681 594 1742 d’
617 1676 787 1746 ἐκτελέσαι
811 1678 990 1767 λείαομα[ι
1012 1673 1053 1744 οὐ
1077 1681 1119 1744 δι’
1143 1677 1213 1759 ἐμέ.

352 1783 456 1865 μοῖρα
478 1778 540 1868 γὰρ
564 1773 624 1846 οὒκ
647 1777 744 1857 εἵατ’,
769 1775 902 1868 direptus
926 1780 962 1847 de*
984 1779 1090 1868 τέρμα
1112 1774 1290 1846 κελεύθιοι·

430 1878 464 1946 ἐν
485 1880 651 1969 τριάκοντ’
674 1878 781 1948 ἔτεσιν
803 1878 987 1971 κ[άτθανον
1010 1876 1193 1968 ὠκύμορος.

305 2018 453 2097 Supplevi,
479 2021 536 2080 nisi
556 2022 633 2098 quod
654 2019 840 2080 Cumanudes
859 2021 919 2079 οἳ
941 2011 1033 2090 ταιὸλς
1054 2030 1083 2080 et
1100 2022 1161 2080 v.3
1183 2009 1343 2097 ἔμομνόμην
1363 2035 1445 2094 prae·

229 2113 292 2172 ivit.
314 2147 348 2158 -
372 2114 389 2173 2
409 2136 467 2175 non
487 2133 576 2174 susus
596 2134 661 2176 sum
681 2115 807 2174 scribere
827 2105 953 2196 πρόβαινε
973 2104 1053 2175 πέλοι.
1067 2151 1105 2160 -
1119 2118 1136 2174 3
1152 2115 1249 2174 nescio
1263 2112 1313 2171 ubi
1326 2112 1446 2189 legerim

227 2226 341 2266 versum
364 2208 522 2270 Sotsdeum
543 2213 634 2290 μιμοῦ
653 2201 684 2270 τὸ
706 2201 789 2270 καλλι
809 2203 856 2270 καὶ
872 2211 960 2290 μενεῖς
974 2211 1000 2271 ἐν
1016 2209 1121 2291 βροτοῖς
1142 2201 1258 2287 uiperae.
1273 2242 1309 2250 -
1325 2206 1343 2265 6
1357 2225 1445 2283 asyn-

227 2303 315 2362 deton
335 2305 407 2366 bene
426 2305 522 2364 habet.

227 2481 282 2540 86.
333 2483 405 2544 Loci
435 2484 552 2557 incerti,
583 2485 633 2544 sed
663 2485 718 2544 fuit
746 2486 822 2545 inter
850 2485 947 2564 Elgini
977 2504 1131 2544 marmora.
1181 2481 1315 2541 Parianis
1344 2479 1449 2538 adiecit

227 2576 347 2636 Boeehh
371 2595 529 2656 propterea
548 2580 626 2655 quod
645 2578 764 2639 Pariani
785 2581 1005 2639 nominarentur
1022 2579 1191 2654 Diitrephes
1212 2585 1240 2635 et
1258 2573 1446 2650 Demophon.

225 2673 265 2728 At
295 2671 350 2732 hoo
380 2674 475 2750 ipsum
502 2681 548 2732 est
570 2693 620 2732 cur
645 2673 802 2733 Parianum
826 2674 943 2733 titulum
969 2693 1032 2734 esse
1057 2691 1174 2750 negem,
1200 2681 1229 2728 et
1248 2683 1448 2746 exspectarem

225 2785 295 2826 sane
325 2765 417 2847 μοίρην
446 2789 502 2846 pro
532 2767 628 2848 μοῖραν
657 2771 723 2827 ν.4
750 2780 781 2828 ut
805 2771 835 2829 in
860 2771 931 2829 urbe
957 2789 975 2828 a
998 2767 1121 2828 Milesiis
1146 2775 1175 2823 et
1198 2763 1293 2822 Pariis
1319 2761 1447 2820 condita.

225 2861 347 2922 Videtur
367 2872 459 2922 mater
479 2883 544 2922 cum
564 2863 634 2922 filiis
650 2865 781 2923 Athenas
801 2864 1033 2941 transmigrasse.
1056 2896 1090 2905 —
1107 2859 1176 2921 0.1.
1198 2858 1283 2918 3648.
1316 2855 1445 2916 (lumen.

225 2955 299 3015 2767
321 2978 380 3016 non
399 2959 553 3034 integrum.

377 3063 566 3153 Λιιτρέφης
589 3066 721 3133 Ζωίλου
744 3065 918 3154 Παριηνὸς
940 3059 1156 3154 στρατιώτης.

378 3169 553 3254 Δημοφῶν
574 3166 812 3257 Μητροδώρου
834 3166 1007 3256 Παριηνὸς
1028 3160 1244 3253 στρατιώτης.

380 3304 507 3389 Melino
529 3301 612 3390 φίλη
633 3301 743 3392 μήτηρ
765 3329 806 3387 με
829 3300 1008 3389 Διιτρὲφει
1029 3296 1144 3368 ἐνθάδ’
1168 3295 1292 3386 ἔθηκεν

428 3404 486 3470 καὶ
510 3406 671 3488 Περικλεῖ
693 3403 875 3492 φθιμένοιν
896 3401 1053 3492 Μητρίχη
1077 3397 1269 3489 αἰνόμορος·

373 3497 505 3592 Ἀηνηις
526 3508 554 3569 τ’
579 3501 701 3571 ἐνθάδε
724 3501 757 3570 οἱ
780 3505 934 3594 θνηατηρ
957 3504 1015 3570 καὶ
1038 3499 1185 3590 ἀδελφὸς
1207 3496 1341 3583 ἔχουσιν

425 3611 549 3691 μοῖραν
572 3603 779 3694 Δημοφόων,
802 3610 862 3694 τῆς
882 3605 966 3689 μέτα
990 3608 1074 3671 udor
1096 3607 1243 3693 βροτοῖς.

302 3743 332 3784 ιν
353 3747 426 3786 saec
459 3744 482 3786 0
502 3748 556 3804 pro
577 3743 619 3786 or
640 3729 790 3805 scriptum.
805 3761 842 3773 -
857 3727 993 3786 Metriche
1013 3737 1106 3785 meter
1124 3724 1299 3800 Diitrephen
1321 3732 1351 3780 et
1364 3721 1447 3780 Peri-

225 3821 298 3878 clem
323 3840 338 3878 e
364 3821 463 3895 Zoilo,
490 3823 596 3881 deinde
622 3823 805 3900 Hagneidem
830 3828 860 3880 et
884 3821 1116 3898 Demophontem
1143 3841 1159 3878 e
1184 3819 1356 3877 Metrodoro
1382 3817 1446 3876 viro

224 3921 400 3992 susceperat.
441 3917 575 3977 Alterum
602 3926 701 3977 temen
725 3914 870 3974 distichon
894 3915 1019 3973 fortasse
1044 3919 1111 3990 post
1130 3912 1232 3971 matris
1251 3920 1379 3970 mortem
1402 3911 1446 3969 in·

223 4008 378 4084 sculptum.

731 4125 933 4137 ——-———

223 4183 276 4244 87.
316 4186 398 4253 llari.
440 4187 562 4249 Ouman.
583 4191 667 4249 3153.

352 4300 480 4384 Μνῆμα
503 4295 733 4384 Μνησαγόρας
756 4301 813 4363 καὶ
836 4293 1046 4384 Νικοχάρονς
1068 4295 1145 4363 τόδε
1168 4300 1288 4361 κεῖται·

350 4391 440 4464 αὐτοὺ
463 4393 549 4468 δὀὐ
572 4400 776 4490 παραδεῖξαι
798 4394 956 4486 ἀφείλετο
980 4397 1138 4484 δαίμονος
1161 4389 1253 4478 αἶσα,
