3142 5062
651 447 785 516 praelatio.
1248 469 1322 518 xvu

94 616 216 676 nondas
237 621 341 694 rogatu
361 615 573 688 Xenocratem
607 598 698 692 quem·
712 615 847 694 clypeum
871 618 1051 694 conspicatae
1076 619 1323 692 Lacedaemonios

94 720 219 796 fugisse.
261 717 343 778 Hanc
364 719 527 779 Pausaniae
553 718 749 778 narrationem
772 737 837 796 cum
858 720 1075 797 epigrammatis
1096 726 1237 784 memoria
1262 726 1322 784 feru

96 841 255 900 congruam
281 840 344 881 esse
370 822 515 882 intellexit
533 821 693 881 Buecheler
718 822 791 882 Mea.
819 823 906 880 naen.
926 822 1049 882 XXXII
1069 826 1198 903 tillem,
1224 829 1320 905 ipsum

98 925 281 1001 epigramma
300 945 358 984 non
379 927 458 985 omui
478 945 515 985 ax
535 935 619 1002 parte
639 931 673 983 ut
691 925 763 983 mihi
785 925 897 984 videtur
917 937 992 985 recte
1018 926 1237 1004 interpretatas.
1273 929 1323 991 Sic

99 1027 251 1105 intellego:
282 1029 349 1087 dem
371 1029 593 1088 Lacedaemonii
617 1032 648 1084 r'n
675 1047 704 1086 eo
730 1038 771 1086 eet
793 1037 827 1085 at
849 1031 991 1086 vincerent
1010 1029 1213 1105 (confirmatur
1232 1033 1321 1110 igitur

98 1129 302 1207 Xenophontis
327 1131 463 1192 iudicium
484 1131 593 1190 Hellen.
616 1128 658 1187 v1
682 1130 779 1205 ate),
808 1130 963 1190 Xenocrati
989 1142 1063 1190 rorte
1089 1133 1183 1210 obtiqr't
1209 1135 1320 1210 (sortiti

101 1239 199 1293 autem
220 1239 305 1294 erant
322 1245 438 1312 praeter
459 1235 554 1313 ipsum
568 1232 777 1310 Theopompus
797 1237 827 1291 et
848 1232 1023 1310 Mnasilaue)
1043 1245 1071 1293 at
1090 1237 1153 1293 Ioci
1178 1246 1320 1312 tropaeam

101 1339 241 1410 adferret.
285 1337 327 1396 Et
351 1338 451 1396 adtulit
475 1337 522 1395 ille
547 1339 663 1394 testium
693 1338 788 1411 copias
817 1354 952 1412 armaque
981 1357 1159 1414 nequaqnam
1188 1349 1321 1398 metuero:

100 1445 143 1499 sic
156 1444 267 1517 jactam
288 1450 318 1498 at
340 1440 461 1498 Thebani
483 1444 598 1498 victores
618 1456 632 1495 a
649 1456 747 1514 papae
767 1439 951 1512 discederent,
983 1443 1062 1498 cuias
1082 1445 1123 1500 rei
1141 1447 1320 1502 testimoniam

100 1554 246 1620 tropaeam
267 1553 307 1602 eat
326 1542 455 1601 Leuctris
472 1546 603 1619 positam.
645 1541 781 1616 Princeps
801 1542 910 1616 quidem
930 1545 1062 1601 victoriae
1085 1556 1181 1604 audon
1201 1547 1320 1621 Epami-

98 1649 210 1705 nondae
228 1648 290 1721 seit
311 1644 410 1720 (Diod.
431 1643 491 1703 XV
512 1643 606 1721 562),
632 1661 681 1701 noa
700 1661 766 1700 earo
783 1653 903 1719 propter
927 1645 1020 1703 utilem
1041 1665 1139 1706 ceraue
1158 1651 1321 1709 celeritatem

100 1750 150 1808 illo
171 1754 219 1808 oia
240 1753 394 1826 insariam.
426 1748 560 1824 Adparet
579 1766 616 1804 ex
630 1745 675 1804 his
689 1745 882 1822 periculosum
897 1747 1017 1825 aliquod
1031 1768 1082 1826 per
1096 1752 1208 1811 medios
1221 1753 1320 1813 hostes

98 1855 157 1912 iter
191 1853 295 1912 secisse
325 1851 516 1912 Xenocratem
545 1850 581 1908 ad
610 1848 828 1926 reciperandum
855 1849 930 1908 illud
960 1851 1039 1928 quod
1068 1851 1131 1912 Iovi
1166 1864 1322 1932 poneretur

101 1967 272 2032 tropaeum,
303 1955 424 2032 adparet
449 1973 507 2012 non
532 1953 630 2013 minus
656 1951 703 2026 (ol.
725 1971 751 2009 v.
778 1951 808 2028 6)
836 1952 976 2030 singulari
1000 1955 1125 2031 quadam
1150 1958 1204 2016 hac
1232 1959 1261 2018 in
1290 1980 1321 2018 rc

103 2059 256 2118 celeritate
276 2078 349 2136 opus
371 2059 468 2118 fuisse.
502 2055 670 2133 Tropaeum
691 2055 777 2132 quale
796 2055 918 2133 luerit‘)
938 2057 1043 2116 mirum
1064 2062 1207 2136 estquod
1227 2081 1262 2120 ex
1283 2063 1321 2120 ti·

96 2163 161 2220 tulo
181 2181 240 2221 non
261 2163 400 2222 discimus
414 2163 543 2238 (hastam
556 2160 634 2218 enim
648 2159 739 2218 fuisse
752 2158 829 2217 haud
844 2167 918 2218 recte
935 2159 1092 2220 Buecheler
1105 2181 1142 2220 ex
1162 2182 1207 2220 vr.
1227 2166 1238 2221 1
1259 2171 1289 2222 et
1302 2165 1320 2222 5

97 2264 254 2342 conlegit);
274 2266 326 2325 sed
347 2275 376 2324 et
395 2263 451 2322 hoc
471 2270 501 2322 et
521 2264 624 2322 inscita
644 2261 782 2321 narrandi
802 2261 887 2334 ratio,
906 2261 1044 2322 dictionis
1063 2263 1278 2325 inconcinnitas
1292 2276 1321 2325 et

99 2369 277 2442 obscuritas,
298 2367 416 2428 dialecti
437 2366 632 2425 inconstantia
653 2366 693 2442 (v.
709 2366 726 2424 5
741 2355 833 2442 daupi)
847 2384 881 2424 eo
894 2366 987 2443 magle
1003 2367 1083 2425 ducit
1095 2378 1127 2426 ut
1141 2369 1321 2446 epigramma

96 2489 160 2530 non
180 2489 212 2530 tv
223 2471 340 2530 saeculo
360 2471 411 2529 scd
431 2476 562 2545 tempore
583 2468 733 2545 aliquanto
748 2467 904 2527 recentiore
918 2469 1058 2546 scriptum
1074 2479 1217 2547 putemus,
1231 2492 1319 2548 quam

96 2594 135 2633 eo
160 2573 255 2633 atrei
280 2574 449 2632 memoriam
474 2591 492 2629 a
518 2570 668 2629 Pausania
693 2569 831 2629 traditam
856 2569 992 2630 fabulosa
1017 2578 1179 2649 temporum
1205 2574 1318 2652 longiu-

94 2677 211 2755 quitate
231 2679 417 2736 obscuratam
437 2675 577 2733 dicamus.
599 2705 637 2717 -
658 2671 780 2732 3Diod.
801 2671 861 2730 XV
882 2671 948 2744 532
971 2671 993 2731 ei
1014 2670 1042 2732 dl
1061 2667 1172 2734 Βοιωτοὶ
1194 2689 1232 2720 -“
1250 2700 1319 2736 aar·

93 2770 207 2856 ενᾶησαν
242 2771 304 2849 rarle
335 2774 567 2857 Λακεδαιμονίους
592 2775 737 2856 ὲπίχωτως
761 2765 834 2834 dnae
859 2775 889 2833 ri
915 2767 1081 2855 Aaoarptadr
1112 2772 1212 2852 πεὸΥον,
1242 2779 1319 2856 quod

92 2883 258 2943 Xenocrati
279 2885 395 2944 ridetur
415 2880 639 2959 percurrendum
661 2879 756 2938 luisse.
780 2879 848 2937 -5
869 2870 1000 2958 νικαῲᾶρα
1022 2873 1095 2961 daopl
1115 2869 1232 2960 rpdnatet
1252 2889 1320 2940 sunt

101 2994 228 3063 tropaea
253 2987 361 3064 quibus
387 2985 509 3044 victoria
537 2983 625 3042 armis
651 2991 735 3059 parta
755 2981 908 3042 indicatur.
931 3017 966 3026 -
988 2983 1006 3041 6
1027 2985 1177 3043 canebant
1194 2995 1217 3042 et
1238 2986 1318 3062 Epa·

94 3091 251 3149 minander
268 3100 291 3148 et
311 3090 495 3162 Xenocrates,
516 3089 587 3146 alter
606 3095 701 3144 contra
723 3087 808 3144 hostes
827 3087 898 3146 alter
916 3097 1059 3162 tropaeam
1080 3098 1108 3144 nt
1128 3097 1269 3162 repeteret.

91 3268 175 3328 ⁷84.
218 3269 312 3330 Gravi
332 3288 397 3328 meo
418 3287 515 3328 erroro
534 3268 644 3326 lactum
664 3275 708 3324 est
727 3271 761 3324 ut
781 3266 997 3344 epigrammatis
1017 3265 1103 3326 huius
1124 3273 1154 3326 et
1173 3267 1264 3326 verba
1292 3277 1320 3325 ct

87 3379 222 3432 aetatem
247 3391 402 3450 perperam
427 3371 641 3431 constituerem.
688 3368 775 3427 Teste
799 3370 876 3427 enim
901 3369 1070 3428 Froehnero
1097 3387 1115 3428 v
1142 3390 1168 3430 a.
1199 3370 1266 3431 Chr.
1290 3391 1335 3446 n.

86 3476 214 3536 saeculo
234 3475 375 3552 scriptum
395 3484 448 3545 est,
468 3473 621 3552 legendum
644 3482 740 3532 autom
761 3473 813 3531 sic:

256 3602 397 3689 Ts'prrnrr
420 3596 491 3682 εἰμὶ
514 3604 600 3677 θεᾶς
623 3595 785 3684 θεράπων
808 3601 930 3686 σεμνῆς
948 3591 1160 3688 Ἀφροδίτης·

248 3707 321 3780 τοῖς
344 3702 381 3768 δὲ
405 3699 639 3791 antecederent
663 3697 796 3788 Κύπρις
816 3698 912 3787 χάριν
936 3693 1154 3786 ἀνταποδοιή.

173 3841 299 3921 Terpon
321 3861 421 3902 eorum
442 3843 614 3902 daemonum
635 3860 754 3900 numero
773 3839 884 3900 accedit
904 3838 1005 3915 quales
1020 3826 1318 3919 sunt'l'o'xurl'epnair

84 3943 242 4023 Kadaltlwr
262 3946 322 4008 alil.

165 4201 194 4269 ⁸)
211 4218 303 4257 moneo
321 4203 353 4259 dc
370 4219 444 4259 sacro
462 4206 562 4274 clypeo,
582 4219 657 4273 quem
677 4203 706 4257 la
724 4201 771 4256 τοῦ
792 4200 843 4256 erui
861 4201 906 4268 τῆς
923 4199 1040 4267 Ἀθηνᾶς
1064 4202 1111 4267 τῆς
1130 4199 1244 4262 Ἰλιάδος
1268 4205 1318 4254 la-

81 4288 149 4358 βών
181 4282 304 4370 daed
331 4284 405 4360 εἶχεν
433 4289 617 4359 Ἀλέξανδρος
647 4293 691 4344 acl
721 4289 776 4361 πρὸ
807 4284 893 4342 nrirori
924 4288 1037 4359 ἐφέρετο
1069 4288 1100 4341 ἐν
1129 4293 1189 4348 ταῖς
1216 4285 1320 4358 μάχαις

83 4377 200 4432 Arrlan.
219 4374 304 4431 Anah.
322 4377 360 4432 Vl
380 4380 431 4442 9,³.

141 4478 232 4530 asrael,
246 4477 406 4530 Epigrammata
419 4481 502 4532 graeca.
1102 4457 1117 4511 b
