3156 5032
487 391 508 445 1.
535 390 642 446 termini
660 389 778 444 aedifitia
795 392 882 445 fontes
901 395 1005 460 pontes.
1292 387 1355 460 469

136 561 289 620 inservisse
309 561 500 640 probabiliter
520 559 630 620 statuit.
644 559 727 618 -27
744 553 882 634 σεληναίης
908 551 1010 630 κοίκλος
1039 558 1161 639 [αἴγλης]
1186 561 1360 636 Salmasius,

136 655 225 730 αὐγῆς
247 654 393 728 Visoonti,
423 655 558 730 idemque
579 674 605 712 v.
618 653 654 712 28
676 641 736 712 κᾶτ’
756 655 878 725 invenit3
907 655 1033 714 traditur
1054 672 1136 715 uc..
1159 688 1195 700 -
1217 654 1254 713 29
1275 657 1361 714 lectio

137 751 260 821 ineerta3
282 759 411 808 extrema
430 750 472 808 sie
493 749 553 806 fere
566 767 665 807 omnes
679 747 810 825 legerunt
824 763 1084 810 rrreueeccrreran.
1116 750 1151 807 In
1165 750 1360 827 prioreparte

136 864 238 904 versus
259 851 327 922 post
346 863 452 904 nonam
473 843 533 900 fere
554 842 680 902 litteram
701 842 864 904 Salmasius
885 862 921 902 ex
943 843 1090 904 Sirmondi
1112 843 1282 921 apographo
1307 844 1359 902 ha-

134 941 196 999 buit
209 956 260 1014 ar,
273 941 354 1016 quod
369 939 394 997 si
408 938 595 1014 oonposueris
610 956 675 996 cum
689 938 852 996 litterarum
867 939 999 1015 vestigiis
1020 955 1058 997 rc
1071 957 1147 1014 qnae
1160 937 1294 996 visconti
1308 939 1359 996 ad-

134 1035 269 1111 gnorisse
281 1033 336 1093 sibi
347 1033 426 1091 risos
437 1037 491 1104 est,
512 1051 569 1091 non
580 1032 668 1091 modo
678 1037 801 1109 ορεσὶοεσ
811 1033 863 1091 sed
874 1051 966 1109 paene
977 1033 1139 1092 necessaria
1149 1032 1250 1092 avadit
1261 1051 1358 1091 ernen-

135 1128 214 1188 datio
226 1120 369 1196 Αὐσονίας
378 1127 426 1185 vel
436 1119 585 1199 Adrorluv,
599 1126 679 1185 relnt
692 1125 852 1186 Salmasius
867 1117 1012 1205 ου’μβολον
1025 1119 1194 1186 Αύσονίοοσνν
1205 1124 1359 1199 ἑογενέεσσο

133 1209 248 1301 γερανίν,
269 1221 404 1280 Visoonti
423 1212 511 1279 δνοίσνν
525 1213 665 1279 Αὐσονίων
685 1219 855 1296 εὐηγενέεσσο
875 1223 974 1298 γεροῒα,
995 1221 1099 1279 laoobs
1113 1233 1165 1279 aut
1179 1219 1359 1280 salmasium

135 1315 218 1392 sequi
239 1317 342 1389 voluit,
363 1317 419 1374 nisi
440 1315 517 1393 quod
539 1315 565 1380 γ’
586 1303 689 1394 ἓροννο’ν
710 1314 836 1391 scripsit,
858 1321 909 1373 ant
928 1305 957 1382 δς
972 1310 1004 1373 δέ
1022 1337 1067 1374 κεν
1081 1306 1222 1382 Αὐσονίονς
1237 1311 1358 1389 εὐηγενέ-

135 1432 195 1470 εσσν
213 1402 349 1490 γεραστίς
374 1410 558 1469 scribendum
584 1408 706 1486 putarit
745 1407 842 1467 Franz
867 1409 991 1485 denique
1016 1409 1095 1486 quod
1119 1409 1221 1487 poani3
1251 1407 1358 1489 γέρατα

135 1499 233 1565 neseio
253 1525 290 1564 an
312 1523 411 1564 verum
431 1504 477 1578 sit,
498 1504 534 1562 ol.
556 1502 648 1581 Orph.
670 1503 704 1562 fr.
722 1501 765 1561 VI
780 1502 816 1560 24
838 1490 886 1561 δίο
906 1494 1024 1583 χροίσεια
1044 1502 1159 1583 κέρατα.
1171 1537 1208 1547 -
1221 1505 1259 1562 30
1268 1523 1357 1582 quae·

134 1599 220 1659 eitius
239 1601 311 1658 haeo
331 1599 425 1672 diota,
450 1617 538 1674 neque
559 1617 633 1671 eum,
657 1615 756 1672 spero,
782 1606 862 1654 nureo
884 1597 1070 1657 rubeomonte
1092 1601 1144 1675 (es.
1166 1597 1245 1660 Sero.
1274 1599 1356 1677 Verq-

133 1695 204 1752 Aen.
220 1695 299 1753 VIII
314 1695 391 1768 458)
413 1699 552 1767 respuent,
574 1693 652 1768 qaod
669 1709 724 1750 ονονν
745 1696 781 1750 ste
801 1691 956 1750 Romanas.
967 1727 1006 1736 —
1018 1693 1052 1750 31
1066 1707 1159 1752 rerac
1170 1693 1255 1752 -32
1267 1694 1356 1754 Pane.

133 1788 148 1846 l
169 1788 245 1862 38,3
266 1787 361 1868 Κῆρυξ
381 1778 409 1846 δν
429 1779 509 1846 αὐτοί
528 1777 651 1866 Κήρυκες
679 1774 819 1863 θυγατρδς
839 1784 976 1866 Κέκροπος
992 1773 1157 1867 Ἀγλαοίρου
1186 1779 1232 1846 καί
1248 1785 1357 1869 ’Ἑρμοῦ

134 1878 220 1941 παῖδα
241 1878 304 1941 εἶναι
325 1881 459 1957 λέγουσιν,
480 1879 544 1940 ἀλλ’
565 1869 798 1959 edentulam.
830 1879 893 1937 Alii
911 1879 1099 1940 Pandrosnm
1119 1889 1244 1942 matrem
1264 1884 1355 1950 tradi·

135 1977 249 2046 derunt,
271 1975 345 2035 Poll.
368 1975 439 2034 VIII
465 1976 525 2033 103.
546 2007 584 2019 -
606 1974 642 2032 33
665 1989 761 2032 urrrrx
779 2005 819 2017 -
840 1974 878 2031 34
898 1974 969 2033 haee
988 1976 1013 2033 si
1032 1976 1068 2033 de
1083 1975 1202 2036 Herode
1221 1978 1287 2054 ipso
1306 1997 1355 2037 ao·

133 2070 268 2148 oipienda
288 2077 372 2144 sunt,
401 2089 457 2128 non
478 2070 515 2129 de
535 2069 596 2128 filio
618 2069 725 2141 Attico,
747 2069 841 2127 lenius
862 2090 888 2130 ν.
905 2070 942 2128 35
962 2079 1028 2146 post
1048 2065 1121 2148 ίδραο
1141 2069 1305 2149 distingues
1325 2078 1355 2131 et

133 2166 176 2224 sio
196 2165 434 2242 interpretaberis
451 2173 601 2240 propterea
624 2165 663 2238 (er
682 2164 805 2239 Romae)
826 2165 978 2222 bonoratur
992 2167 1052 2238 saie
1079 2182 1263 2240 eponymoqroe
1288 2185 1352 2224 σοον·

132 2259 202 2317 salia
222 2277 332 2317 manere
344 2260 529 2335 stupebam,
553 2275 612 2332 qao
629 2275 660 2316 ra
679 2261 709 2315 νὀν
726 2261 822 2333 μείονα
842 2259 945 2316 domini
963 2269 1074 2316 εενισοαε
1097 2257 1193 2333 (Mart.
1210 2257 1294 2331 XVI,
1318 2258 1348 2336 l)

132 2353 264 2412 subsellia
284 2363 390 2412 auectus
411 2363 458 2426 eal,
477 2372 564 2429 neque
584 2354 665 2428 apud
685 2351 810 2412 Graecos
831 2355 977 2429 qur'squnm
997 2362 1049 2410 aut
1064 2369 1163 2428 penore
1182 2361 1231 2410 aar
1244 2355 1352 2428 sneun-

132 2449 180 2506 dr'a
199 2450 321 2525 repalior
340 2457 408 2507 arnt.
449 2447 582 2506 Herodes
602 2445 703 2506 oonsul
724 2449 836 2519 a1433
853 2439 992 2522 ιΕλληνιινν
1011 2447 1142 2520 γλῶτταν
1162 2437 1208 2505 καί
1229 2445 1351 2525 βασιλέα

132 2534 221 2617 λίγων
241 2543 336 2603 Rufus
356 2541 516 2618 discipulus
537 2560 603 2601 eum
622 2541 851 2618 praedicaverat.
866 2574 905 2585 -
926 2541 963 2600 36
978 2529 1043 2600 οὔτε
1062 2563 1089 2599 το
1109 2528 1198 2619 φωνην
1218 2549 1251 2598 ut
1269 2559 1297 2600 r.
1312 2543 1350 2599 44
1381 2535 1385 2546 '

132 2627 195 2697 οοίτε
215 2661 243 2696 το
263 2626 380 2716 ονίμβον.
402 2669 440 2680 -
462 2636 499 2694 38
519 2636 556 2694 ad
576 2635 722 2714 Regillam
742 2635 817 2694 redit
836 2637 944 2708 oratio,
970 2633 1005 2695 of.
1027 2634 1061 2692 ll.
1082 2633 1112 2692 V
1132 2633 1188 2694 229
1209 2621 1350 2713 Δοίρδανος

131 2724 173 2790 οὗ
189 2731 282 2792 τέκεθ’
306 2724 363 2790 υίδν
378 2717 542 2810 Ἐροχθίνοον
567 2729 706 2808 βασιλῆα,
732 2729 789 2788 230
816 2732 899 2809 Τρῶα
925 2725 950 2788 δ’
967 2714 1131 2808 Ἐροχδίνοος
1156 2726 1251 2787 τέκετο
1271 2712 1348 2807 Τροί-

131 2847 204 2886 εσσον
224 2816 341 2885 οίνοοκτα·
363 2813 454 2904 Τρωδς
474 2821 500 2882 δ’
520 2816 561 2883 αὖ
577 2822 648 2903 τρεῖς
669 2818 763 2892 παῖδες
783 2815 926 2903 οἷμοίμονες
946 2820 1095 2897 ἐξεγένοντο
1108 2809 1182 2891 Ἴλίς
1201 2809 1349 2910 τζἈσσοί-

129 2907 210 2998 ρακδς
230 2941 262 2978 τε
281 2911 328 2978 καί
348 2913 470 2987 ἀντίθεος
489 2910 662 2998 Γανυμηδλης,
683 2917 740 2978 239
757 2907 937 2997 Ἀσσοίροικος
958 2911 987 2974 ll
1005 2905 1105 2975 Κοίουν
1130 2912 1259 2994 (ἔτεκεν),
1285 2913 1297 2974 δ
1324 2912 1349 2974 p

130 3001 173 3092 ἄρ’
189 3005 328 3092 Ἀγχίσην
340 3012 403 3073 τέκε
430 3008 529 3086 παῖδα,
555 3001 645 3092 αὖτοὶρ
672 3008 716 3091 ἔμ’
737 3005 875 3091 Ἀγχίσης
896 3016 966 3070 sunt
989 3010 1090 3069 omnia
1109 3012 1226 3070 Aeneae
1250 3010 1348 3073 verba

130 3106 239 3182 Quidni
259 3107 348 3167 altine
369 3107 458 3167 etiarn
478 3107 579 3167 uxoris
606 3107 746 3184 originem
771 3105 922 3184 repetierit
940 3103 1072 3164 Herodes
1096 3105 1198 3164 eodem
1219 3106 1348 3166 Homero

129 3202 203 3261 dnoe
228 3203 307 3279 (ibid.
328 3201 400 3279 215)
420 3189 560 3281 Δοίρδανον
581 3194 621 3261 αὖ
640 3204 743 3282 πρῶτον
762 3199 857 3261 τέκετο
877 3197 1076 3279 νεφεληγερέτα
1097 3187 1176 3273 Zeis,
1196 3199 1276 3258 baud
1295 3200 1345 3258 ob·

129 3313 243 3354 sourum
264 3306 322 3369 θοις
352 3297 446 3355 noluit
466 3297 542 3356 enim
563 3316 628 3356 enm
646 3297 713 3373 ipso
734 3296 900 3373 inperatore
918 3293 1097 3368 oontendere,
1124 3293 1174 3370 qui
1195 3284 1239 3351 Δδ
1265 3285 1346 3373 πατρί

128 3379 200 3469 φυὴν
220 3381 266 3448 καί
286 3393 367 3470 μῆτιν
393 3386 480 3450 ἔοικεν.
500 3423 539 3436 -
559 3392 598 3449 40
619 3387 699 3467 ipro
726 3383 748 3448 εἶ
775 3387 913 3465 seriptum
937 3387 1058 3458 retinui,
1093 3405 1271 3464 quamquam
1295 3388 1345 3446 vix

127 3485 245 3544 dubium
265 3494 309 3544 est
334 3485 405 3562 quin
431 3485 576 3561 lapidario
596 3484 735 3543 debeatur
760 3493 789 3541 et
813 3481 869 3541 hoo
893 3488 924 3540 et
945 3477 1051 3542 σίσασα
1071 3502 1098 3540 r.
1114 3483 1159 3541 75.
1181 3514 1216 3526 -
1237 3482 1345 3558 Aptius

128 3579 281 3638 videbatur
301 3576 322 3638 εἰ
342 3572 420 3658 φίλον
442 3569 497 3657 ἱεροὶ
516 3575 595 3657 ῥέξαι
613 3578 802 3654 ooniunger03
822 3577 1067 3653 interpnnxerunt
1085 3581 1154 3654 post
1173 3571 1195 3632 εἶ
1208 3567 1344 3652 φίλον.-

127 3671 165 3730 42
176 3688 290 3732 ειοετοι
310 3674 437 3746 correxi3
457 3671 562 3748 reliqui
583 3689 658 3748 quae
678 3672 864 3731 coniecerunt
883 3671 998 3749 probari
1018 3675 1171 3747 nequeunt
1184 3701 1219 3712 -
1231 3669 1268 3726 43
1280 3683 1344 3726 cae·

127 3786 197 3825 sura
215 3764 290 3826 κατδ
311 3767 440 3847 τέταρτον
460 3765 585 3846 τροχαῖον
610 3775 638 3824 et
663 3763 710 3824 hic
734 3775 763 3824 et
783 3786 810 3824 ν.
824 3765 862 3823 45
889 3767 926 3824 ab
951 3765 1103 3842 anaphora
1125 3761 1343 3822 exeusationem

127 3859 223 3920 babet.
235 3863 320 3922 -46
332 3879 396 3920 ΜΕΝ
416 3860 502 3937 lapis,
523 3855 556 3920 δέ
572 3859 671 3920 Herm.
690 3860 776 3936 Orplr.
798 3881 826 3937 p.
842 3859 913 3932 7383
933 3859 1041 3918 errarit
1059 3857 1188 3934 lapicida
1206 3855 1343 3931 proximo

126 3973 212 4014 versu
232 3956 373 4031 inductus,
395 3957 483 4036 σῶμα
503 3955 641 4012 nimirum
662 3959 691 4013 et
711 3945 807 4034 ψυχήν
826 3955 902 4012 inter
921 3973 952 4012 se
972 3951 1081 4030 opponi
1101 3960 1192 4011 ratus.
1206 3983 1244 3994 -
1261 3951 1342 4030 σῆμα

126 4059 170 4106 est
184 4049 307 4124 Odeum,
328 4051 363 4112 of.
379 4050 516 4109 Philoslr.
537 4053 582 4109 uit.
604 4047 710 4106 Herod.
724 4067 755 4125 p.
770 4049 824 4107 551
847 4045 962 4122 ἀνέθηκε
983 4041 1012 4104 ll
1032 4035 1078 4104 καί
1097 4035 1128 4104 τδ
1149 4036 1191 4103 &nl
1207 4035 1339 4137 Ῥηγίλλη

126 4141 241 4221 θέατρον
266 4143 330 4204 ooll.
358 4143 444 4204 Pane.
471 4143 529 4202 Vll
553 4143 599 4217 20,
612 4146 638 4200 6.
660 4174 694 4185 -
722 4143 761 4202 49
785 4141 849 4219 agri
873 4153 941 4201 sunt
965 4161 1001 4201 ex
1026 4138 1156 4216 Regillae
1179 4138 1340 4198 hereditate

125 4236 263 4312 adquisiti
284 4237 349 4297 ooll.
371 4237 403 4298 (l.
426 4238 448 4299 1.
469 4239 546 4298 6184
562 4232 656 4296 Ἀννία
672 4223 810 4310 Ῥοίγολλα
830 4281 838 4297 .
860 4280 867 4296 .
887 4280 894 4296 .
916 4231 983 4304 τίνος
1003 4237 1098 4294 ταῦτα
1122 4221 1160 4292 τοὶ
1183 4223 1274 4312 χωρία
1290 4231 1337 4305 γέ·

124 4350 212 4404 γονον.
223 4363 261 4376 ·—
272 4321 469 4406 5οἒλαοηεντες
490 4319 601 4412 οίρουραο
620 4351 647 4394 v.
661 4331 699 4390 de
718 4329 772 4390 huo
790 4347 929 4408 generum
948 4329 979 4390 in
999 4325 1150 4388 adieetiris
1170 4325 1338 4399 eonfnsione
