3156 5032
221 405 285 471 468
691 401 889 473 Epigrammata
908 401 988 457 varia.
1068 383 1071 392 ’

221 579 324 648 poetae
335 591 441 630 nomen
453 571 663 648 praescriptum
681 577 735 641 est,
753 571 1029 649 recteqneVisconti
1040 571 1211 630 Marcellum
1223 570 1341 632 Sideten
1359 569 1449 628 intel-

221 666 303 740 lexit,
324 667 406 725 cuius
421 674 553 742 superest
572 666 767 742 fragmentum
783 659 840 746 περὶ
860 653 965 746 ἰχθιῖων
978 667 1070 740 (Poet.
1086 667 1173 725 bucol.
1190 677 1216 724 et
1233 666 1338 722 elidant.
1351 662 1448 721 Paris.

224 761 322 837 1846).
345 761 481 820 Eundem
492 771 589 819 autem
599 760 722 818 alterum
731 779 848 838 quoque
860 779 977 820 carmen
993 761 1156 837 scripsisse,
1167 758 1371 836 quodBrunclr
1388 758 1448 834 ipsi

140 887 144 902 ι
223 855 336 913 Herodi
356 855 465 928 tribuit,
485 864 564 913 certa
583 861 630 913 est
645 855 786 915 Viscontii
806 856 979 915 coniectura.
1010 853 1088 912 Nam
1108 863 1141 912 ut
1161 859 1275 912 taceam
1296 853 1449 928 utriusque

220 949 357 1007 carminis
384 953 477 1007 artem
501 949 644 1008 rationem
665 949 792 1009 indolem
812 950 898 1026 plane
919 949 1071 1026 aequales,
1098 949 1147 1006 vix
1162 947 1303 1008 Herodem
1325 952 1397 1024 puto
1420 947 1448 1003 si

220 1043 283 1119 ipse
302 1043 446 1102 voluisset
465 1043 574 1120 ingenii
594 1044 638 1100 sui
663 1045 822 1120 periculum
849 1045 943 1103 lacere
969 1043 1026 1102 sibi
1052 1059 1117 1100 eam
1144 1041 1306 1118 argumenti
1332 1049 1447 1116 partem

220 1143 405 1212 sumpturum
430 1136 543 1210 finisse,
568 1156 642 1213 qnae
672 1157 692 1195 a
722 1139 825 1214 quovis
849 1138 908 1197 alio
933 1137 1053 1196 tractari
1077 1143 1192 1213 posset,
1224 1134 1447 1194 domesticarum

222 1249 319 1288 rerum
339 1231 493 1307 gentisque
514 1249 585 1290 suae
606 1231 790 1292 enarratione
809 1232 950 1291 Marcello
970 1231 1080 1290 relicta
1113 1229 1219 1306 Neque
1239 1229 1356 1287 illorum
1376 1247 1447 1303 poe-

223 1329 320 1384 tarum
341 1325 391 1401 qui
412 1325 584 1384 Hadrianeo
604 1325 720 1384 saeculo
740 1325 923 1403 pullulabant
942 1345 1005 1384 mos
1026 1331 1090 1382 erat
1104 1331 1137 1382 ut
1156 1325 1227 1400 quid
1248 1322 1307 1398 ipsi
1327 1322 1447 1398 ingenio

222 1419 351 1478 valerent
371 1419 446 1477 alios
468 1419 602 1477 celarent.
634 1421 735 1494 ltaque
755 1421 834 1496 quod
848 1420 978 1478 Marcelli
1001 1417 1119 1477 nornine
1139 1417 1308 1494 insignitum
1323 1422 1368 1474 est
1381 1433 1445 1474 car-

220 1533 287 1571 men
312 1513 410 1588 priore
437 1513 501 1572 loco
522 1513 616 1589 posui.
655 1513 790 1572 Diversis
817 1521 914 1572 autern
941 1514 1011 1572 locis
1032 1511 1137 1570 Clarae
1162 1511 1307 1569 intellexit
1331 1509 1447 1586 lapides

220 1606 332 1683 positos
352 1606 457 1688 irrisae,
485 1625 607 1682 quornm
628 1607 730 1666 titulos
756 1607 838 1666 nulla
859 1627 955 1666 rerum
981 1605 1193 1664 necessitudine
1218 1605 1293 1663 inter
1317 1624 1350 1663 se
1375 1623 1446 1662 con-

220 1701 336 1758 iunctos
362 1717 426 1758 esse
452 1701 581 1776 adparet.
625 1700 728 1759 Vicina
752 1701 860 1759 luerint
880 1702 1029 1759 Minervae
1055 1699 1249 1775 Nemesisque
1274 1709 1302 1756 et
1330 1697 1446 1757 Cereris

221 1793 436 1870 Faustinaeqne
456 1793 538 1868 iana,
566 1794 609 1852 ita
634 1801 730 1852 tamen
751 1806 782 1852 ut
801 1795 961 1873 Triopeum
982 1794 1155 1872 ingredienti
1177 1793 1297 1852 alterum
1323 1793 1446 1871 propius

220 1898 354 1947 essen-
369 1888 386 1945 3
401 1889 500 1946 Annia
519 1887 637 1966 Regilla
656 1889 747 1966 Appii
769 1889 856 1948 Annii
877 1889 961 1946 Atilii
981 1889 1114 1947 Braduae
1134 1889 1206 1963 (cos.
1227 1907 1253 1948 a
1270 1889 1339 1964 160)
1360 1905 1446 1946 soror

221 1988 300 2055 erat,
326 2000 449 2058 quornm
475 2001 511 2039 ex
540 1982 706 2042 nominibus
726 1983 834 2042 frustm
853 1983 1053 2060 cognationem
1073 1984 1110 2040 ab
1123 1982 1196 2060 ipsis
1210 1981 1290 2040 iuliis
1304 1983 1444 2039 Aeneave

220 2076 380 2136 ducendam
402 2076 608 2152 quaesiverunt
614 2098 623 2149 ;
644 2076 698 2135 illo
717 2071 802 2136 enim
816 2084 945 2155 ternpore
965 2097 1065 2136 omnes
1079 2077 1207 2136 Romani
1227 2077 1378 2134 Aeneadae
1392 2095 1445 2133 vo·

219 2170 360 2228 cabantnr
385 2170 495 2247 poetis,
521 2170 557 2228 ci.
583 2189 673 2248 supra
692 2173 730 2231 ad
750 2191 778 2230 n.
793 2172 896 2243 2725.
917 2207 956 2216 -
977 2172 994 2230 6
1018 2173 1144 2231 Cererem
1168 2190 1269 2229 nouam
1295 2177 1373 2228 recte
1399 2171 1445 2227 in·

220 2263 392 2322 tellexernnt
410 2263 596 2335 Faustinam,
616 2285 710 2344 neque
729 2276 798 2342 post
818 2266 924 2345 Heysei
944 2265 1069 2326 calculos
1083 2286 1101 2325 a
1114 2265 1238 2324 Franzio
1252 2264 1444 2322 confirmatos

219 2366 378 2433 auctosque
404 2358 526 2416 dubium
551 2377 614 2418 esse
640 2367 737 2435 potest
763 2361 832 2436 quin
853 2360 992 2419 Faustina
1019 2360 1110 2419 maior
1130 2358 1268 2420 Antonini
1294 2357 1344 2416 Pii
1368 2377 1444 2417 uxor

220 2451 409 2528 significetur,
430 2470 505 2527 quae
524 2453 614 2510 etiam
634 2453 664 2509 in
683 2453 810 2512 nummis
831 2456 948 2532 saepius
970 2453 1083 2514 Cereris
1103 2454 1200 2531 specie
1224 2452 1321 2510 utitur.
1358 2449 1441 2510 Nam

221 2554 252 2616 ut
278 2546 404 2604 breviter
423 2545 587 2622 conplectar
607 2565 682 2622 quae
701 2547 758 2606 hnc
777 2548 896 2622 iaciunt,
916 2548 1059 2626 Regillam
1073 2566 1160 2623 quam
1175 2556 1241 2624 post
1261 2545 1360 2604 fratris
1374 2563 1443 2604 con·

221 2639 351 2700 sulatum
365 2639 406 2715 (a.
423 2639 491 2716 160)
506 2640 614 2699 obiisse
634 2660 671 2699 ex
684 2640 867 2704 Philostrato
882 2649 1003 2716 constat,
1023 2650 1090 2700 ante
1104 2659 1211 2698 annum
1229 2639 1281 2698 162
1296 2648 1443 2696 mortuam

119 2748 122 2754 ’
221 2751 285 2792 esse
298 2751 419 2792 necesse
433 2740 486 2809 est,
501 2734 526 2792 si
541 2734 657 2810 quidem
672 2736 837 2795 Antoninus
850 2735 928 2810 Pius,
950 2737 999 2813 qui
1013 2756 1039 2794 a.
1060 2736 1111 2794 161
1127 2733 1259 2803 decessit,
1279 2733 1392 2792 Herodi
1407 2733 1444 2790 de

220 2828 321 2887 uxoris
351 2837 444 2886 morte
471 2829 600 2906 graviter
626 2829 741 2888 adflicto
768 2830 866 2888 solatii
891 2831 1001 2907 aliquid
1025 2829 1172 2888 adlaturus
1192 2828 1321 2886 Atticum
1347 2827 1443 2886 filium

222 2923 355 2998 patrmiis
375 2923 528 2999 adscripsit
547 2922 596 2999 (C.
616 2923 640 2982 Ι.
662 2924 738 2982 6185
758 2923 824 2984 cell.
844 2943 872 2982 v.
888 2923 948 3001 28).
979 2924 1091 2982 Herodi
1111 2943 1177 2982 cum
1196 2922 1352 3000 Triopeum
1371 2939 1443 2978 con-

221 3017 303 3076 deret
328 3017 385 3077 duo
405 3017 489 3075 liberi
509 3027 680 3094 supererant
699 3019 740 3092 (v.
759 3019 817 3095 16),
837 3038 853 3076 e
873 3019 976 3095 quibus
997 3017 1131 3094 Elpinice
1151 3017 1212 3076 filia
1231 3021 1299 3094 post
1317 3023 1442 3073 matrem

223 3115 297 3168 teste
316 3108 505 3183 Philostrato,
526 3110 576 3169 sed
597 3121 663 3169 ante
683 3117 864 3171 mortuaest
884 3131 972 3188 quam
990 3119 1076 3188 peter
1096 3110 1232 3171 Sirmium
1258 3109 1296 3168 ad
1316 3109 1355 3168 M.
1378 3109 1443 3166 Au-

223 3203 328 3262 relium
348 3205 543 3281 inperatorem
563 3205 794 3280 proficisceretur
800 3229 808 3280 3
840 3207 920 3283 quod
938 3207 1043 3266 iactum
1065 3215 1109 3263 est
1122 3225 1148 3264 a
1165 3199 1229 3264 171.Ι
1260 3202 1295 3259 In
1313 3201 1444 3278 Triopeo

222 3295 316 3370 igitur
336 3297 393 3354 etsi
413 3296 565 3372 aliquanto
586 3307 653 3373 post
672 3298 806 3377 Regillne
826 3301 937 3359 obitum
957 3310 1053 3358 tamen
1073 3310 1138 3356 ante
1158 3319 1183 3358 a
1200 3299 1249 3355 171
1281 3297 1444 3354 constituto

222 3386 380 3447 Faustinae
394 3390 507 3461 minori,
533 3408 609 3465 quae
628 3409 654 3450 a
673 3393 725 3450 176
742 3394 805 3452 vita
817 3394 948 3467 decessit,
968 3412 1026 3451 non
1040 3397 1197 3468 potuerunt
1210 3390 1298 3447 divini
1312 3390 1443 3448 honores

223 3481 325 3541 haberi
330 3505 338 3556 3
359 3483 489 3560 sequitur
502 3483 675 3544 Faustinam
696 3487 835 3546 maiorem
856 3487 1077 3564 intellegendam
1092 3504 1155 3544 esee
1167 3501 1232 3543 cnm
1246 3482 1390 3540 Arnaldo.
1412 3517 1441 3526 -

225 3576 261 3632 10
280 3578 423 3636 sententia
442 3577 489 3636 hic
508 3588 627 3656 coepta,
653 3599 723 3639 mox
742 3582 801 3641 alio
821 3576 951 3658 digressa
970 3599 998 3637 v.
1017 3580 1125 3657 liisqq.
1146 3576 1252 3654 duplici
1278 3577 1359 3634 exitu
1384 3577 1442 3634 ab·

222 3668 346 3730 solvitur
366 3672 416 3730 loc
435 3673 528 3731 solatii
554 3678 578 3732 ei
603 3675 706 3732 dolena
733 3680 846 3750 concipit
870 3685 899 3734 at
920 3675 1026 3750 Iupiter
1049 3675 1206 3746 defunctam
1233 3671 1273 3726 od
1296 3668 1442 3727 beatorum

222 3766 298 3822 seder
312 3769 488 3841 perduceret,
512 3768 619 3826 Caeam
633 3769 708 3825 loeis
723 3773 820 3843 Πρινεννέ
839 3770 934 3828 nmilia
947 3769 1040 3843 filium
1059 3770 1155 3824 emmiu
1175 3765 1275 3822 honore
1295 3761 1441 3834 adjiceret.

223 3889 258 3900 -
284 3861 318 3917 17
334 3864 505 3935 priusquam
529 3866 668 3920 secedatis
688 3863 761 3937 fines
785 3866 942 3937 attagenem
973 3865 1050 3919 recte
1075 3857 1217 3917 Martialis
1243 3857 1334 3912 henes
1360 3857 1441 3914 colos

223 3950 372 4010 conferunt
392 3953 454 4029 (lx
476 3954 534 4030 18).
556 3989 591 3998 -
618 3958 650 4016 19
666 3958 703 4015 ad
722 3951 824 4036 ἐπίηρνν
843 3955 1036 4033 supplendum
1057 3951 1240 4030 participium
1261 3947 1338 4003 velut
1364 3939 1441 4022 aaut,

223 4052 255 4100 ut
274 4044 311 4101 sit
330 4045 406 4104 idem
425 4066 461 4105 ac
479 4040 672 4128 χαρισάμενος.
693 4083 724 4094 -
751 4050 837 4108 1011.
858 4048 894 4107 ad
914 4068 942 4106 ν.
957 4049 982 4108 6.
1004 4079 1042 4090 -
1063 4046 1100 4104 23
1114 4047 1212 4103 lunula
1230 4046 1260 4098 in
1281 4040 1357 4097 calce
1378 4043 1441 4100 cal·

225 4142 357 4194 ceamenti
376 4141 503 4215 adposita
526 4142 628 4217 (schol.
652 4144 757 4218 lucen.)
778 4152 840 4200 erat
852 4141 966 4217 patricii
980 4141 1158 4200 senatorisve
1170 4136 1289 4211 insigne,
1311 4132 1349 4192 of.
1364 4132 1441 4192 Phi-

224 4226 305 4286 lostr.
321 4235 368 4291 uit.
385 4233 490 4292 Herod.
501 4255 531 4310 p.
542 4235 599 4294 555
614 4229 770 4318 ἐπισφύρων
789 4225 958 4314 ἐλεφάντινον
974 4229 1116 4313 μηνοειδές.
1144 4229 1188 4290 cf.
1200 4226 1256 4286 Th.
1272 4226 1440 4285 Mommsen

223 4320 316 4382 Boem.
330 4324 451 4388 Forsct.
469 4328 493 4402 Ι,
513 4330 565 4406 qui
586 4331 752 4391 coercendis
772 4328 960 4412 calceamenti
979 4326 1102 4386 vinculis
1121 4322 1248 4383 lunulam
1267 4324 1439 4396 ardentem
