3164 5056
450 479 452 484 Ι
558 408 593 464 11.
609 407 760 464 insularum
779 417 806 464 et
824 411 912 466 Asine.

140 573 151 628 l
166 590 210 648 sq.
232 572 275 631 sio
288 575 403 652 seripti:
683 591 787 638 ouno

413 685 530 732 nscot
684 689 789 731 κιαιτ
940 691 1035 736 ωιιις

401 779 533 825 esoce
685 781 822 825 nesrou
938 784 1067 828 sensns

413 874 540 917 neusse
559 857 630 920 κτλ.

132 1005 226 1064 neque
245 988 364 1048 omnino
393 988 529 1065 ambigue
557 985 671 1046 videtur
690 987 788 1061 lectio,
818 987 875 1046 nisi
901 990 979 1065 qnod
1001 990 1100 1051 Belsus
1125 1008 1226 1054 Θεοῦ(
1244 994 1348 1055 'hebet

134 1079 213 1140 Vere
232 1100 291 1141 non
311 1088 389 1158 sunt,
409 1099 485 1159 quoe
505 1081 602 1140 Franz
622 1081 720 1157 posuit
740 1069 774 1138 ιίί
791 1073 914 1150 ταθείς
934 1083 993 1144 ἐστι
1008 1078 1143 1167 συνεργός,
1163 1088 1259 1164 spotia
1272 1091 1348 1147 enim

132 1175 238 1235 litteris
258 1195 349 1236 veona
368 1175 502 1234 menibus
522 1174 654 1245 subistis,
674 1180 708 1233 ut
727 1174 853 1250 saepius,
873 1175 989 1254 expleta
1009 1188 1085 1238 sunt.
1126 1180 1236 1239 Lusum
1254 1181 1350 1242 inesse

131 1275 203 1346 puto
239 1288 402 1347 nomenque
432 1268 604 1346 Capitonem
635 1268 672 1325 ab
702 1267 757 1325 deo
788 1266 954 1344 Capitolino
991 1272 1169 1345 derivatum
1204 1284 1350 1350 pentame-

130 1369 209 1421 trum
229 1365 305 1423 enim
326 1374 403 1423 uerte
422 1363 534 1422 ratione
553 1359 717 1438 Heusinger
736 1362 876 1422 restituit:
908 1365 974 1423 deuo
992 1385 1161 1442 quamquam
1178 1371 1235 1442 ipse
1252 1388 1349 1426 nomen

130 1455 179 1513 tibi
199 1459 285 1533 dedet,
313 1469 401 1517 tomen
427 1475 524 1515 ιιοαιοιι
550 1459 637 1514 mnino
661 1473 717 1513 ιιοιι
741 1465 833 1513 ratum
851 1460 931 1532 feeit.
959 1493 993 1502 —
1020 1461 1038 1517 4
1064 1465 1119 1539 οιῲ
1147 1463 1277 1538 eorrupit
1299 1461 1348 1520 ille

129 1552 253 1628 probum
273 1549 477 1611 hemistichion
497 1545 590 1620 παῖδες
610 1541 772 1629 ὀλορίμενα,

129 1734 207 1797 329.
248 1739 392 1818 Ancyrae.
432 1737 466 1798 C.
486 1737 509 1798 I.
529 1739 617 1800 4065.

337 1859 454 1951 Τάφον
475 1863 533 1928 τὸν
554 1859 638 1930 ἔνθα
661 1865 806 1953 πλησίον
827 1863 941 1949 βωμόν
963 1871 999 1932 θ’
1023 1863 1093 1951 ίίμα

330 1960 442 2043 ἔτευξε
465 1963 549 2029 κατὰ
571 1966 633 2054 γῆς
655 1963 811 2033 Κλαυδία
835 1961 855 2055 ἡ
877 1968 934 2033 καί
958 1969 1068 2054 Δεχάς

325 2058 507 2154 Ἀθηνίωνι
529 2062 724 2153 γλυκυτάτη
748 2069 804 2133 καί
828 2065 990 2158 φιλτάτῳ,

329 2161 419 2253 ἁγνῷ
442 2167 606 2252 γενομένῳ
630 2167 761 2255 ουμβίῳ
782 2164 914 2256 μνήμης
933 2169 1038 2260 χάριν.

203 2300 333 2362 Litterae
352 2303 494 2381 vulgares.
515 2338 552 2350 —
573 2303 591 2364 2
611 2305 735 2364 truditur
754 2305 843 2365 etism
862 2321 974 2387 muz,
998 2313 1078 2389 quod
1104 2332 1161 2373 non
1187 2315 1281 2393 megis
1301 2315 1344 2374 in-

127 2395 231 2474 tellego
251 2415 340 2473 quem
361 2396 442 2458 illuu
483 2399 533 2457 An
554 2390 666 2467 Δεκιίςί

124 2677 208 2740 400.
257 2678 292 2739 In
317 2677 489 2736 eoemeterio
515 2677 616 2755 nliqno
640 2679 864 2740 christianorum
890 2677 1028 2739 Galatiae
1053 2679 1203 2758 (Ancyrae
1227 2679 1341 2755 opinor,

124 2773 154 2830 in
180 2775 262 2833 euius
286 2772 367 2832 urbis
391 2774 567 2833 coemeteriis
591 2773 676 2833 multi
697 2775 773 2833 tituli
804 2773 911 2850 reperti
941 2775 1020 2850 sunt)
1050 2773 1199 2832 inventum
1224 2773 1341 2832 titulum

123 2867 194 2926 mihi
214 2867 336 2946 benigne
355 2869 489 2928 conmisit
507 2869 629 2928 Ioannes
649 2869 843 2929 Mordtmunn.

272 2989 315 3056 ‘H
337 2992 475 3082 [τ]ι[μ]η
502 2993 659 3058 Γαλατῶν
683 3040 1155 3057 ...............

215 3171 217 3176 ¹
273 3091 418 3182 τ]ιμήεις
438 3091 661 3182 μακοίροο(ο)ι
684 3089 851 3170 Λεόντιος
875 3087 948 3178 [ἡδί
969 3097 1141 3179 βροτοῖσιν
1242 3105 1243 3108 ’

365 3192 492 3282 ἔρνεσιν
514 3190 713 3272 εὐπιτοίλοις
734 3196 842 3280 χῶρον
866 3188 946 3280 [ἔχει
970 3191 1112 3279 σκιερόν.

200 3336 214 3391 l
237 3349 497 3394 unnurunssunn
518 3367 552 3376 -
574 3331 592 3390 2
613 3349 675 3394 τινα.

118 3613 194 3673 401.
234 3613 266 3671 ln
292 3613 400 3691 oppido
419 3613 555 3687 Keimuz,
580 3614 659 3691 quod
679 3613 809 3689 suspicor
833 3611 909 3670 houd
931 3609 1030 3687 procul
1051 3610 1089 3667 ub
1110 3611 1231 3686 Ancyra
1249 3609 1337 3669 situm

118 3727 189 3770 esse.
230 3707 319 3767 Dedit
337 3707 408 3765 mihi
429 3707 552 3766 Ioannes
573 3707 767 3766 Mordtmonn

524 3827 788 3920 enemo

625 3939 753 4000 1:th

155 4027 361 4119 Ἀμφότεροι
383 4031 555 4119 Χα[ρίτων
576 4054 612 4096 τε
635 4030 693 4096 καί
713 4056 827 4101 nomen
848 4031 967 4117 frenis]
991 4025 1113 4096 ἐνθάδε
1137 4033 1274 4114 κεῖνται,

158 4128 244 4198 ἀλλὰ
266 4136 393 4221 queuis
413 4129 656 4220 προ[φνγ]ὁιτε
678 4129 754 4214 βίον
777 4132 886 4212 ζῶσαν
908 4127 1017 4216 κρίσιν
1041 4128 1160 4219 [ἔσχον.

192 4269 336 4330 Incertum
370 4269 491 4346 incipiet
527 4266 627 4327 titulus
657 4288 676 4327 a
705 4269 800 4327 verbis
835 4258 942 4346 μνήμης
976 4261 1054 4348 χίμν
1095 4285 1197 4338 neene;
1233 4265 1336 4326 deinde

114 4381 220 4424 nomen
239 4363 329 4424 uisse
347 4363 464 4424 videtur
483 4362 545 4422 sins
565 4362 616 4439 qui
641 4363 749 4438 posuit.
769 4393 808 4406 -
828 4361 846 4420 2
867 4375 1146 4421 νικωαινοωτοιιτε
1170 4359 1335 4419 dubitanter
