3142 5062
252 429 289 475 γι
777 411 913 480 praelatio.

251 581 351 639 oodioe
370 579 502 638 Palatino
520 598 564 639 ru
585 580 747 638 327-340
774 569 845 658 nupsi
874 584 925 638 τοῦ
952 573 1106 658 μακαρίτου
1132 569 1276 656 spa-rupim
1303 575 1465 652 Κοιμψικοῦ

252 682 397 758 descripta
416 683 549 758 leguntur
569 702 679 759 quaeve
701 701 766 739 cum
787 682 836 740 alii
855 682 1011 756 scriptores
1031 691 1093 740 tum
1107 679 1268 738 Pausanias
1282 697 1317 736 ex
1333 678 1464 752 periege-

254 791 348 840 tarum
368 784 425 842 fide
444 785 520 842 haud
541 784 677 860 ambigua
697 783 814 841 rettulit
855 782 938 857 Quae
958 783 1057 841 omnia
1077 793 1134 839 una
1153 799 1218 838 cum
1233 779 1359 838 oraculis
1379 776 1461 836 aliis-

254 903 309 960 que
329 885 469 944 similibus
488 884 723 961 inscriptionibus
741 885 874 962 genuinis
887 884 1026 961 singulari
1040 883 1198 959 uliqusndo
1212 882 1287 940 libro
1303 877 1465 956 conplexus

253 986 345 1059 edam,
366 1005 458 1062 neque
477 986 572 1044 minus
593 1005 667 1062 quse
687 995 802 1044 nostrae
822 986 925 1045 aetatis
946 987 1135 1062 antiquitates
1155 982 1353 1060 investigandi
1378 981 1465 1039 sedu-

253 1087 319 1146 litas
344 1088 564 1164 reperiendique
587 1088 710 1146 felicitas
736 1105 813 1147 nova
842 1088 997 1164 protulerit
1026 1085 1169 1162 conligere
1199 1091 1230 1142 et
1258 1103 1294 1142 ex
1325 1082 1466 1141 instituto

253 1190 375 1248 oonsilio
395 1196 519 1248 tractare
539 1207 666 1265 pergam.

329 1292 443 1350 Inedits
462 1291 538 1348 haud
558 1291 601 1348 itu
620 1292 713 1350 multa
738 1290 809 1348 mihi
835 1297 950 1368 praesto
975 1290 1065 1348 fuisse
1092 1290 1302 1366 epigrammate
1327 1288 1393 1364 ipss
1418 1303 1467 1343 res

253 1393 328 1452 tulit.
368 1392 447 1452 Nam
468 1389 522 1451 etsi
542 1393 701 1450 amicorum
723 1392 832 1450 auxilio
853 1411 1001 1468 nunquam
1021 1392 1175 1450 destitutus
1200 1391 1378 1467 accipiebam
1406 1388 1468 1446 fere

252 1514 327 1572 quae
353 1495 415 1554 sive
434 1495 547 1553 Romae
573 1501 603 1550 et
622 1494 747 1552 Athenis
773 1495 833 1552 sive
860 1495 891 1552 in
919 1494 985 1552 aliis
1006 1493 1147 1554 Graeciae
1166 1493 1307 1552 ltaliaeve
1331 1490 1468 1566 partibus

253 1598 478 1675 reperiebantur,
509 1603 604 1654 tamen
634 1595 758 1654 feliciter
785 1596 895 1654 factum
925 1605 970 1654 est
998 1605 1031 1653 ut
1061 1602 1206 1655 nostrates
1236 1613 1313 1671 quae
1342 1591 1468 1651 alicuius

253 1707 350 1758 essent
368 1697 509 1758 momenti
529 1699 568 1756 sd
588 1707 715 1756 veterum
735 1716 782 1755 res
803 1698 975 1774 litterasque
995 1698 1210 1775 cognoscendos
1229 1715 1318 1772 quam
1338 1695 1468 1771 primum
1508 1691 1510 1694 ’

253 1801 316 1860 fieri
335 1807 437 1879 posset
456 1800 542 1858 edere
561 1799 735 1856 consuerint.
777 1799 853 1859 Sunt
873 1819 941 1856 vero
963 1818 1038 1874 quae
1057 1799 1171 1876 primns
1190 1816 1244 1874 ego
1264 1797 1388 1875 prodam
1402 1795 1468 1868 sive

253 1923 271 1961 e
290 1922 336 1961 me
356 1904 421 1979 ipso
441 1901 512 1959 olim
532 1899 680 1975 descripta
700 1901 761 1959 sive
780 1901 904 1959 aliorum
925 1901 1065 1960 beneficio
1085 1900 1191 1960 debita.

330 2002 487 2062 Difficilius
525 2011 586 2059 erat
622 2001 753 2060 conlecta
789 2002 943 2078 generibus
980 2002 1138 2062 inlustrare
1170 2001 1365 2076 partibusque
1398 2005 1471 2076 apte

253 2106 416 2164 discribere.
451 2104 524 2164 Cum
545 2103 671 2160 enimin
692 2123 780 2161 unum
801 2104 1059 2180 conprehendenda
1078 2113 1175 2162 essent
1194 2121 1268 2180 quae
1288 2103 1389 2161 decem
1408 2101 1473 2160 fere

254 2206 438 2264 saeculorum
459 2204 555 2280 spatio
575 2203 605 2261 in
626 2205 760 2263 omnibus
780 2206 839 2263 fere
859 2206 938 2264 orbis
959 2215 1101 2265 terrarum
1120 2206 1265 2282 partibus,
1286 2205 1337 2262 ubi
1351 2203 1474 2280 quidem

255 2325 349 2364 sermo
364 2323 485 2382 graecus
500 2306 617 2381 vigeret,
638 2306 785 2381 lapidibus
798 2307 936 2366 mundate
949 2318 1054 2381 essent,
1076 2327 1134 2367 non
1148 2327 1165 2365 e
1177 2327 1208 2365 re
1221 2308 1283 2365 fore
1302 2305 1474 2370 arbitrabar

254 2408 288 2480 si,
309 2407 386 2482 quod
406 2417 482 2464 recte
503 2407 612 2465 faciunt
631 2407 679 2482 qui
700 2407 923 2482 Inscriptionum
943 2408 1074 2484 Corpora
1093 2409 1229 2478 condunt,
1257 2429 1294 2466 ex
1314 2407 1378 2466 solo
1403 2426 1473 2483 geo·

254 2508 394 2586 graphice
414 2509 464 2584 qui
484 2508 589 2567 dicitnr
609 2509 709 2566 ordine
729 2509 942 2586 epigrammata
962 2510 1131 2588 digererem,
1152 2529 1209 2586 qua
1228 2511 1342 2570 scilicet
1359 2530 1391 2568 rs
1405 2527 1474 2568 see·

253 2610 321 2692 pius
334 2610 566 2686 disiungerentur
580 2629 654 2686 quse
667 2610 813 2687 iungenda
825 2621 907 2668 erant
925 2612 1097 2688 diversaque
1111 2613 1197 2689 plane
1216 2612 1473 2685 conmiscerentur,

253 2712 304 2771 sed
318 2713 398 2770 varia
411 2717 648 2788 argumentorum
660 2731 767 2790 genera
779 2712 990 2789 distinguenda,
1004 2725 1154 2790 praeterea
1164 2723 1327 2789 temporum
1339 2713 1475 2772 locorum

253 2814 360 2890 ingenii
389 2813 559 2890 disciplinae
587 2814 661 2872 artis
691 2814 764 2872 rstio
799 2813 933 2873 habenda
967 2821 1037 2872 erat.
1087 2814 1211 2873 Meliora
1251 2815 1328 2872 enim
1365 2825 1474 2890 quarto

252 2935 278 2974 a.
302 2916 368 2974 Chr.
390 2932 526 2990 nquam
546 2915 631 2971 terlio
650 2933 679 2991 p.
702 2913 769 2973 Chr.
789 2934 818 2971 n.
839 2914 954 2974 saeculo
979 2915 1161 2990 proveniunt,
1188 2915 1311 2972 meliors
1340 2915 1475 2991 plerum·
1514 2985 1523 2998 x

254 3035 310 3091 que
340 3015 465 3074 Athenis
497 3033 584 3090 quem
614 3015 692 3091 apud
718 3015 893 3075 Macedones
919 3015 1076 3091 Syrosque,
1109 3015 1213 3074 melius
1241 3013 1347 3075 Graeci
1378 3035 1473 3094 quam

253 3117 370 3174 barbari
390 3117 483 3174 cultae
504 3116 619 3191 linguas
639 3134 703 3175 sero
729 3117 841 3175 adsueti
865 3118 1006 3190 locuntur,
1032 3123 1062 3176 et
1086 3117 1164 3193 quod
1188 3117 1399 3194 gravissimum
1424 3128 1475 3180 est

255 3217 394 3274 incertis
414 3217 588 3293 quibusdam
612 3217 771 3276 civitatibus
795 3219 1011 3294 provinciisque
1036 3225 1147 3278 certum
1179 3221 1326 3296 quoddsm
1354 3223 1475 3283 dicendi

256 3317 454 3392 sentiendique
474 3336 566 3394 genus
587 3318 713 3377 florebat
732 3321 985 3396 exercebaturque,
1006 3340 1081 3397 quae
1100 3339 1202 3382 omnes
1221 3343 1277 3396 res,
1303 3323 1327 3381 si
1354 3325 1475 3399 quidem

256 3419 318 3494 ipse
339 3418 408 3475 mihi
429 3428 564 3478 constare
584 3419 672 3490 volui,
692 3421 722 3476 in
742 3439 860 3480 censum
880 3421 926 3480 rel
950 3423 1077 3481 maxime
1102 3435 1184 3482 erent
1208 3426 1368 3486 vocandae.
1410 3425 1475 3486 Ita-

256 3537 311 3595 que
332 3529 363 3577 ut
383 3520 419 3577 de
440 3521 650 3596 sepulcralihus
670 3522 796 3596 primum
817 3523 910 3582 dicum
929 3521 1024 3582 titulis
1044 3525 1170 3600 primam
1183 3535 1298 3602 partem
1311 3528 1474 3588 atticorum

256 3621 321 3694 leci,
341 3620 382 3678 itu
401 3627 499 3679 tumen
520 3629 552 3680 ut
573 3640 647 3699 quse
666 3642 785 3699 graecae
804 3631 901 3683 essent
920 3625 1025 3684 aetatis
1045 3644 1178 3703 quaeque
1190 3647 1380 3687 romanorum
1395 3639 1474 3690 tem·

256 3741 358 3798 porum
379 3739 442 3781 esee
463 3724 628 3782 viderentur
652 3742 837 3784 secernerem.
878 3724 1019 3784 Subiunxi
1044 3728 1206 3788 insularum
1226 3730 1373 3807 Asiaeque
1406 3733 1472 3809 epi-

256 3829 429 3898 grammata,
449 3825 480 3881 in
500 3825 605 3900 quibus
626 3824 731 3885 indolis
751 3845 871 3902 graecus
891 3827 953 3884 sive
972 3828 1065 3888 mavis
1086 3829 1158 3890 artis
1184 3831 1391 3892 alexandrinae
1404 3833 1473 3894 lon·

255 3925 372 4001 gissime
391 3932 493 4000 patent
513 3927 635 4004 vestigia
653 3935 682 3984 et
702 3927 820 3987 fructus.
863 3926 923 3988 Sed
946 3931 1104 3994 earundem
1122 3933 1272 4011 regionum
1292 3953 1357 3994 eum
1383 3935 1475 4014 longe

256 4027 349 4082 maior
367 4045 436 4100 pars
456 4027 625 4088 inferiorum
645 4037 721 4088 esset
740 4039 904 4104 temporum
927 4039 954 4088 et
980 4029 1130 4094 hominum
1154 4035 1347 4110 incultiorum,
1372 4039 1474 4114 priore

256 4128 321 4185 loco
341 4129 425 4204 posui
445 4129 572 4188 melioris
592 4140 678 4188 notae
698 4130 919 4206 epigrammata,
940 4132 1030 4191 altero
1051 4135 1229 4212 reliquorum
1248 4138 1472 4200 multitudinem

256 4230 349 4292 adieci
369 4231 585 4316 provinciarum
605 4231 665 4294 fere
686 4231 814 4292 ordinem
841 4237 969 4294 secutus:
1000 4254 1069 4294 nom
1102 4239 1133 4300 iu
1165 4258 1254 4301 unum
1285 4244 1473 4320 conponendi
