3150 5026
634 363 682 418 111.
706 365 859 434 ipsuum
1284 377 1346 444 389

134 535 268 605 agerent,
294 530 454 590 certamina
478 533 541 591 lore
566 543 597 592 ut
621 535 738 594 omniuo
759 534 983 611 prohiberentur
988 560 998 611 3
1029 540 1209 615 respondent
1224 543 1276 602 'illi
1295 549 1354 606 siue

124 624 195 698 fient
214 628 269 683 siue
289 643 343 682 nou
357 627 428 700 fient
447 615 570 703 (iuerat,
591 626 642 687 οὐκ
663 625 762 702 ἄγεται
781 631 840 688 scil.
861 619 892 688 ri
914 618 1034 706 ἶππικιῖν,
1059 634 1094 692 cf.
1116 635 1135 695 i.
1155 655 1176 694 s.
1197 656 1219 697 s.
1246 659 1275 714 p.
1291 639 1351 717 20),

131 719 197 776 cede
217 719 415 794 Porphyrium,
436 729 466 778 et
486 722 615 781 adiciunt
633 724 673 782 ad
692 723 788 799 ipsum
807 722 1005 801 Porphyrium
1025 730 1154 788 conversi
1174 735 1199 789 si
1220 735 1279 808 spec
1299 754 1349 792 au-

128 813 192 887 des,
217 831 293 871 sume
314 833 444 890 paruum
467 819 626 890 proauum
655 816 711 876 hoc
737 818 813 875 enim
838 835 904 877 esse
928 811 960 878 ri
988 808 1116 900 (lupinum
1141 823 1351 886 demonstravit

129 905 240 966 Reislre
260 909 297 966 ed
318 907 418 968 const
438 907 546 988 Porph.
567 911 585 971 l.
605 929 628 968 s.
649 929 672 968 s.
697 929 726 987 p.
741 912 798 969 344
809 929 851 990 sq.
893 912 1039 976 Videntur
1062 917 1135 978 haec
1159 938 1178 977 a
1203 921 1349 981 seditiosis

129 999 203 1062 clam
225 1003 390 1079 subscripta
408 1021 481 1062 essa

634 1273 837 1286 π--ι--υ--η

560 1493 741 1552 tentemus
762 1491 910 1553 tunultu
969 1485 972 1492 Δ

125 1664 204 1728 936.
251 1670 347 1748 Argis.
375 1669 409 1731 0.
430 1672 453 1729 l.
478 1671 513 1729 l‘l
534 1689 571 1730 ex
591 1669 706 1729 schedis
726 1669 918 1730 Fourmontii.
947 1670 1053 1731 Melius
1074 1672 1152 1733 Roas
1170 1675 1253 1736 inser.
1273 1680 1344 1739 insci

126 1768 141 1825 I
161 1766 199 1826 55
219 1775 249 1826 et
267 1766 363 1826 Lebas
383 1764 413 1824 11
434 1765 497 1826 108.

468 1882 616 1976 ’Ἄλμων
638 1885 783 1976 ἀνέθηκε
806 1879 954 1977 [τῆ]ντεα

250 1987 456 2081 Ἰσχύ[λ]λου,
479 1993 596 2078 difflui
619 1983 698 2078 [Ἱὸς
718 1994 790 2068 τοῖς
812 1989 990 2073 δαμοσίοις
1012 1986 1046 2058 ἐν
1067 1984 1210 2078 ἀέθλοις

254 2090 389 2182 τετράκι
412 2117 448 2158 τε
474 2091 646 2179 [σ]πάόιον
669 2088 742 2177 νίκη
765 2091 850 2180 κα[ἱ]
878 2093 930 2170 δὶς
950 2092 1008 2160 τὸν
1026 2087 1192 2183 ὁπλίτα[ν.

205 2285 225 2326 v
244 2266 353 2328 saeculi
372 2265 466 2325 initio.
507 2262 710 2324 conclamatas
730 2262 815 2322 huius
841 2263 919 2324 tituli
945 2264 1134 2326 difficultates
1158 2269 1259 2344 paullo
1285 2272 1346 2331 vio-

130 2363 239 2423 lentius
259 2360 372 2421 sustuli.
406 2349 463 2418 Est
482 2367 577 2418 antem
598 2357 914 2436 Rossiiapographum
935 2369 995 2420 tum
1016 2359 1156 2422 adcurate
1176 2363 1293 2439 factum,
1315 2376 1346 2424 ut

125 2459 163 2516 de
182 2476 282 2516 earum
302 2455 407 2516 saltem
427 2474 502 2531 quae
528 2451 666 2531 perierint
690 2451 853 2512 litterarum
876 2471 997 2514 numero
1023 2454 1150 2516 dubitari
1175 2458 1263 2533 plane
1287 2479 1346 2519 non

123 2553 225 2631 possit.
272 2553 320 2610 Ab
345 2549 431 2609 initio
457 2549 533 2608 tituli
554 2548 629 2607 duae
658 2546 843 2619 interierunt;
874 2547 980 2606 relicus
1005 2567 1122 2623 versus,
1153 2553 1204 2627 qui
1222 2554 1342 2614 'desinit

124 2647 214 2705 verbo
241 2643 365 2720 ἀνέθηκε,
391 2645 501 2720 integer
521 2651 573 2701 est.
613 2641 724 2700 Eadem
749 2640 836 2718 plane
861 2647 907 2700 est
931 2642 1051 2702 ulterius
1076 2663 1178 2704 versus
1205 2648 1343 2722 condicio,

123 2741 206 2800 euius
226 2748 387 2800 erasmum
406 2737 577 2798 vocabulum
597 2735 675 2794 Rosa
695 2735 819 2794 tradidit
839 2748 969 2812 ttsrtsro,
990 2740 1186 2799 consentiente
1205 2739 1342 2817 Lebasio,

123 2835 183 2896 nisi
212 2835 290 2912 quod
320 2833 368 2893 hic
397 2831 672 2910 antepaenultimam
701 2829 829 2889 litteram
860 2848 868 2888 r
898 2832 988 2891 fulmo
1018 2839 1143 2893 testatur
1173 2835 1343 2896 confirmata

123 2929 308 2991 Fourmontii
328 2928 460 2987 lectione.
500 2926 570 2985 lnde
589 2924 775 3002 consequitur
794 2943 859 2984 cum
879 2946 972 3004 neque
992 2948 1011 2986 a
1034 2928 1092 2986 fine
1112 2927 1272 3005 quidquam
1291 2930 1342 2990 de-

123 3026 165 3084 sit
190 3030 220 3084 et
243 3023 395 3100 proximus
420 3039 521 3080 versus
546 3021 583 3078 ab
609 3019 690 3078 initio
714 3018 803 3096 plane
826 3021 937 3096 integer
963 3021 1017 3094 sit,
1049 3040 1107 3080 non
1137 3041 1225 3099 posse
1254 3025 1342 3084 scribi

119 3107 281 3198 Ἰσχυλλος.
322 3115 417 3176 Tertii
437 3115 572 3192 deinceps
593 3131 694 3173 uersus
715 3121 794 3172 certa
813 3121 858 3173 est
882 3115 966 3174 lectio
990 3113 1244 3176 dromonum.
1278 3117 1341 3179 lam

122 3229 229 3272 nomen
249 3210 406 3288 requiritur
426 3209 473 3268 vel
494 3209 583 3268 solius
603 3208 722 3267 victoris
742 3207 790 3266 vel
809 3208 902 3286 ipsius
924 3218 1011 3288 atque
1031 3211 1139 3286 patris;
1169 3213 1267 3290 possis
1283 3209 1341 3272 ’Io-

121 3297 232 3386 χύλλου
258 3301 371 3379 Oanos,
401 3312 433 3362 ut
458 3303 612 3362 concedam
637 3297 735 3363 uirum
759 3323 863 3364 nomeu
893 3323 1030 3382 graecum
1060 3323 1131 3366 esse.
1176 3308 1219 3364 At
1247 3313 1341 3367 restat

120 3399 247 3477 primum
274 3399 355 3458 tituli
378 3395 551 3459 vocabulum
575 3397 656 3456 cuius
681 3407 737 3456 tres
763 3417 839 3474 quae
867 3409 1005 3475 superant
1031 3399 1143 3459 litteras
1168 3398 1245 3459 Ross
1271 3415 1340 3460 oou

121 3494 257 3566 tradidit,
282 3492 379 3553 Lebas
400 3512 468 3551 vero
489 3490 594 3550 diserte
614 3509 726 3550 amasse
746 3492 828 3551 illum
849 3499 975 3554 testatus
994 3494 1120 3571 primam
1140 3493 1266 3553 litteram
1286 3514 1338 3554 neo

121 3587 204 3646 theta
221 3606 276 3645 uec
294 3589 422 3646 omicron
443 3587 495 3645 sed
515 3604 608 3662 coppo
627 3605 689 3644 esse
708 3585 784 3644 dixit
790 3609 798 3658 ;
819 3588 895 3646 unde
915 3594 1009 3647 certus
1030 3596 1073 3647 est
1093 3588 1226 3646 vocabuli
1245 3588 1274 3644 in
1294 3619 1334 3633 -

120 3705 176 3740 κων
196 3681 300 3740 exitus.
339 3681 387 3740 De
406 3680 513 3758 plurali
533 3679 669 3757 genetivo
690 3698 754 3738 oum
774 3691 898 3757 nequeat
917 3682 1050 3759 cogitari,
1075 3685 1167 3740 restat
1194 3687 1226 3738 ut
1245 3682 1338 3740 nomi-

119 3776 238 3836 nativus
258 3775 345 3836 fuerit
364 3775 403 3836 ad
422 3776 518 3852 ipsum
538 3775 677 3834 victorem
700 3774 874 3834 referendus.
903 3773 970 3834 Duo
990 3775 1078 3851 igitur
1097 3773 1226 3832 eiusdem
1247 3793 1336 3834 entm-

119 3871 185 3928 tiati
206 3871 295 3928 verbo
313 3869 405 3929 habes
425 3867 539 3938 ἀνέθηκε
560 3875 590 3928 et
609 3862 679 3942 νίκη,
705 3888 779 3945 quae
805 3869 874 3927 ferri
899 3873 1055 3944 nequeunt.
1095 3867 1197 3942 Itaque
1220 3873 1255 3924 ut
1279 3867 1336 3928 duo

118 3964 329 4023 constituerem
350 3964 499 4024 enuntiata
519 3964 631 4035 studui,
655 3978 711 4023 eto
737 3969 789 4021 aut
812 3962 951 4039 scriptum
975 3961 1052 4019 male
1076 3965 1128 4020 aut
1151 3959 1257 4019 lectum
1281 3980 1336 4037 pro

118 4058 188 4119 θεοῦ
207 4063 303 4130 ratus,
328 4065 460 4118 cautem
481 4059 607 4116 litteram
627 4059 687 4116 iam
707 4056 839 4114 mutilam
859 4055 929 4113 olim
948 4054 1067 4131 spiritus
1094 4063 1192 4112 notam
1212 4073 1336 4131 superne

117 4151 289 4228 infernaque
308 4153 416 4212 clusam
439 4152 527 4210 luisse
548 4143 727 4211 existimans
769 4149 897 4226 Reliqua
916 4150 988 4224 bens
1007 4147 1136 4207 restituit
1155 4147 1192 4210 Ο.
1213 4145 1335 4207 Mueller

119 4264 168 4323 ap.
189 4244 295 4305 Franz.
317 4245 406 4304 Elem.
427 4249 513 4320 epipr.
533 4266 561 4323 p.
578 4245 611 4304 il
635 4246 684 4322 (oi.
705 4264 734 4322 p.
749 4245 828 4321 380).
848 4277 885 4288 -
905 4241 1040 4304 Ceterum
1060 4262 1097 4302 ex
1116 4241 1159 4301 eis
1178 4261 1254 4318 quae
1273 4242 1333 4301 dis-

115 4338 222 4420 putari
246 4344 328 4418 patet
350 4340 478 4419 primum
502 4358 616 4400 versum
636 4339 836 4400 hexametrum
856 4357 914 4398 non
934 4337 1038 4408 luissa3
1067 4355 1120 4418 pro
1139 4327 1251 4398 Ἄλκων
1283 4334 1332 4396 rix
