3150 5026
229 401 291 467 336
644 401 847 473 Epigrammata
863 401 1029 456 dedicatoria.

335 559 458 631 αὐτόθι
482 564 544 653 γὰρ
566 565 758 650 κλειδοῦχος
780 563 845 654 ἔφυ
867 565 1073 654 Βααιληίδος
1086 559 1204 651 Ἥρης,

421 666 456 734 ἒν
476 667 593 754 Λέρνη
616 667 644 732 δ’
668 663 782 750 ἔλαχεν
802 663 1034 751 μοστιπόλονς
1057 666 1185 742 δαίδας.

260 875 289 939 5.
335 870 509 959 Δᾳδοῦχος
529 892 571 950 με
593 864 719 957 Κόρης,
743 869 904 956 Βασιλᾶν,
928 865 1023 948 Διός,
1047 865 1123 958 ἱερὰ
1145 870 1257 956 σηκῶν

250 975 290 1039 10
409 966 520 1054 Ἥρας
542 970 687 1055 κλεῖθρα
710 971 823 1060 φέρων
843 971 959 1054 βωμὸν
980 967 1085 1058 ἔθηκε
1103 964 1185 1057 Ῥέῃ,

328 1065 507 1159 Ἀρχέλεως
527 1069 664 1158 τελετῆς
686 1070 888 1160 συνθήματα
911 1072 1042 1158 κρυπτὰ
1062 1065 1210 1157 χαράξας

419 1166 631 1258 ταοροβόλον
652 1175 787 1258 πρῶτον
808 1174 908 1260 δεῦρο
931 1171 1152 1259 τελειομένης.

304 1327 328 1368 11
347 1309 449 1369 velun
469 1308 586 1368 saeculi.
613 1308 794 1370 Tauroholia
813 1313 931 1389 quando
951 1312 1078 1388 primum
1098 1310 1136 1367 ab
1156 1305 1389 1367 Atheniensibus
1403 1323 1454 1362 re-

227 1403 693 1483 oeptasint(v.12)neeei1nus.
715 1437 751 1448 -
773 1405 936 1464 Archelaus
960 1403 1148 1464 Atheniensis
1168 1402 1209 1479 (r.
1223 1403 1265 1478 5),
1294 1400 1385 1476 Asgis
1407 1399 1454 1455 ri-

227 1506 289 1557 tam
309 1498 415 1576 degens
430 1499 470 1573 (r.
486 1497 584 1573 5sq.),
605 1496 726 1556 Iunonis
740 1497 907 1574 elednohus‚
928 1498 1125 1574 Proserpinae
1138 1497 1288 1556 Lernaeae
1298 1493 1453 1552 daduchus

228 1593 354 1668 itemque
373 1591 526 1668 utriusque
547 1591 617 1650 deae
638 1591 685 1667 (of.
707 1593 795 1652 Paua.
820 1591 890 1653 VIII
911 1592 986 1666 31‚2
1011 1594 1064 1651 τοῦ
1088 1595 1155 1651 veni
1179 1587 1208 1650 il
1231 1594 1286 1650 τῶν
1312 1578 1453 1668 peruios

229 1685 301 1745 {leuia
314 1685 385 1764 ione
405 1684 431 1744 ἒν
451 1682 528 1767 δεξιᾷ
547 1678 593 1744 ael
613 1678 713 1764 Κόρης)
733 1693 765 1745 et
776 1686 855 1746 Iovis
869 1687 935 1745 Atti
955 1685 1114 1764 Rheaeque
1134 1705 1259 1763 quornm
1278 1682 1454 1760 nuperrime

230 1781 321 1838 sooria
340 1780 472 1839 initiatus
491 1787 539 1839 eat
557 1798 639 1839 nam
659 1780 781 1840 dedieat
801 1813 840 1824 -
864 1779 950 1840 llio
974 1799 1033 1839 uno
1057 1800 1126 1840 arae
1151 1780 1242 1839 latere
1267 1779 1345 1837 isoes
1373 1776 1455 1834 duae

230 1873 405 1932 decussah'm
424 1893 483 1932 una
502 1874 585 1933 alteri
605 1893 740 1948 αοαωε,
760 1876 894 1951 utrinque
914 1875 1009 1952 pinus,
1029 1875 1059 1933 in
1080 1874 1229 1952 superiore
1242 1881 1325 1950 parte
1339 1872 1449 1929 buera-

107 1967 111 1978 '
231 1967 280 2025 nia
299 1968 357 2025 tria
375 1967 461 2027 sertis
480 1969 557 2028 inter
576 1987 608 2027 se
628 1970 796 2027 eoninnota:
817 1971 888 2028 haee
906 1979 979 2045 puto
1000 1955 1169 2047 συνθήματα
1190 1957 1301 2046 κρυπτά
1319 1964 1389 2024 diei.
1410 1995 1453 2006 -

230 2061 408 2119 Archelaum
427 2061 538 2120 eonioio
559 2069 610 2120 aut
630 2063 753 2122 eundem
772 2081 837 2122 esse
857 2070 910 2121 aot
928 2073 1042 2139 patrem
1062 2063 1192 2122 filiumve
1216 2063 1278 2120 eins
1298 2055 1456 2128 Archelai,

231 2155 282 2231 qui
303 2156 482 2214 antecedenti
497 2155 625 2215 carmine
645 2157 821 2228 honoratnr;
842 2167 942 2216 nomm
962 2157 1039 2216 enim
1059 2165 1106 2216 est
1124 2159 1154 2215 in
1174 2157 1217 2215 eia
1230 2153 1379 2232 gentibus,
1399 2165 1456 2228 pe*

231 2267 282 2308 nes
302 2268 377 2326 quas
396 2250 557 2309 sacerdotia
574 2257 643 2308 sunt
662 2251 824 2326 antiquitus
845 2261 974 2328 meopte,
1001 2251 1173 2329 saepissime
1198 2247 1285 2308 simul
1310 2263 1380 2303 oum
1400 2262 1453 2302 aa·

231 2361 347 2401 erorum
365 2343 529 2402 materie
549 2344 668 2404 nomina
687 2343 787 2402 eadem
813 2364 867 2422 per
886 2348 975 2423 longa
995 2358 1161 2423 temporum
1180 2342 1277 2421 spatia
1295 2347 1458 2413 tamquam

230 2456 284 2513 per
303 2455 406 2496 manus
425 2439 502 2496 tradi
523 2437 626 2496 solere.
665 2437 803 2498 Ceterum
822 2441 1032 2500 Archelaornm
1052 2457 1196 2518 proavum
1216 2438 1242 2495 si
1262 2433 1329 2511 quis
1350 2431 1457 2489 videa·

231 2539 279 2588 tur
307 2531 364 2590 sibi
388 2532 577 2609 deprendiaae
601 2532 778 2591 Areheluum
800 2533 948 2593 ¹Archelai
978 2533 1123 2594 notissimi
1148 2529 1337 2590 Mithradatis
1371 2529 1458 2588 ducis

231 2624 339 2700 fllium,
365 2645 451 2702 quem
470 2624 625 2703 Pompeius
646 2624 793 2686 Gomanae
811 2625 934 2688 Pontion
952 2630 983 2688 in
1002 2631 1074 2688 urbe
1094 2627 1273 2687 saoerdotem
1292 2623 1457 2682 oonatituit

233 2717 346 2794 (Strab.
367 2740 396 2798 p.
411 2720 493 2797 558),
511 2720 646 2798 equidem
665 2737 724 2778 non
743 2721 876 2781 obstabo.

231 2997 310 3059 82³.
349 2999 469 3060 Romae.
510 2999 543 3060 0.
563 3001 585 3062 I.
606 2999 719 3062 tolie,

638 3125 756 3214 Μητρὶ
777 3129 878 3192 θεῶν.

357 3219 411 3288 Ἐκ
434 3219 608 3289 (leniusve¹
632 3218 761 3312 ἀνδρῶν
787 3223 917 3308 Φοίβου
940 3225 1198 3312 στεφανηφόρος
1219 3220 1311 3309 ὶρεύς

361 3322 536 3411 Κρήονηνς
559 3317 706 3410 ἧγάθεός
727 3352 763 3393 τε
785 3324 960 3409 Λεόντιος,
983 3322 1122 3410 ἔνσοῳοι
1145 3317 1272 3414 ἄνδρες,

454 3414 494 3500 ‘cic
514 3424 575 3504 μὲν
596 3418 654 3490 ἀπ’
678 3420 845 3514 ἀντολίης,
868 3420 907 3506 ὃς
929 3429 957 3492 δ’
981 3419 1033 3512 ἄρ’
1056 3419 1115 3511 ἀφ’
1138 3421 1307 3512 ἑσπερίης,
1389 3437 1392 3450 “

359 3517 457 3610 ’όργια
480 3523 675 3610 συνρὲξανιε
697 3529 778 3591 θεᾶν
801 3523 996 3614 παμμήτορι
1016 3521 1116 3612 Ῥείηι

296 3631 316 3694 5
360 3621 542 3714 κριοβόλοο
563 3627 697 3714 τελετῆς
720 3627 776 3692 καὶ
797 3621 1021 3712 ταυροβόλοιο
1044 3627 1205 3715 septenne

458 3719 563 3814 ἦμασι
583 3723 805 3808 μοστιπόλοις
825 3725 939 3809 βωμὸν
958 3722 1197 3813 ὑοερτίθεσαν.

309 3865 425 3924 Titulus
444 3883 479 3923 eo
499 3862 549 3939 qui
568 3863 697 3938 seqnitur
717 3863 749 3938 (i.
770 3883 794 3923 e
814 3882 892 3922 anno
913 3863 982 3940 370)
1003 3863 1157 3941 antiquior.
1169 3867 1233 3922 -1
1256 3865 1398 3925 videntur
1418 3885 1463 3927 ex

234 3959 398 4034 quindecim
432 3957 504 4015 viris
542 3956 639 4014 nescia
668 3976 728 4033 qna
757 3975 841 4014 saera
870 3957 1029 4032 profanare
1058 3959 1260 4017 communione
1289 3960 1462 4020 ooninnotis

235 4049 374 4108 Crescens
402 4061 431 4109 et
457 4049 598 4108 Leontius
629 4057 708 4108 sorte
732 4049 815 4108 eleeti
840 4067 903 4107 esse
933 4049 983 4124 qni
1009 4049 1109 4110 Rheae
1137 4053 1227 4110 sacris
1252 4052 1460 4113 initiarentur.

235 4141 277 4199 Hi
296 4151 391 4202 antem
412 4144 486 4202 deae
505 4142 616 4219 gratias
637 4143 793 4200 referentes
813 4162 866 4220 pro
885 4143 1097 4202 eonsecratione
1116 4164 1198 4204 nam
1218 4157 1391 4222 posuerunt

740 4371 941 4382 ——n--n
