3142 5062
797 1594 864 1633 acque
887 1586 910 1624 a·
929 1588 984 1624 toan
1006 1590 1074 1635 segete
1094 1589 1176 1626 cauam
1198 1591 1231 1626 eat

797 1653 882 1700 spicam
896 1661 987 1700 nequam
1000 1663 1066 1703 mque
1081 1655 1103 1692 ta
1117 1656 1177 1692 urata
1190 1664 1232 1692 noa

797 1717 885 1768 aliquod
898 1720 980 1759 bosam.

1199 1802 1274 1842 varro.

169 1984 311 2077 Vestrae
331 2019 398 2076 tidei
419 2027 584 2096 vestroque,
613 2019 668 2077 viri
690 2021 802 2097 optimi,
828 2022 917 2080 amori
942 2021 1077 2096 quoniam
1097 2021 1172 2080 hunc
1197 2022 1303 2080 librum

92 2122 339 2180 conmendaturus
360 2140 423 2180 sum
448 2121 550 2200 paucis
577 2139 721 2197 exponere
746 2123 828 2181 decet
852 2122 951 2198 qualis
977 2142 1062 2198 quem
1087 2128 1155 2182 ante
1180 2123 1233 2181 hos
1254 2143 1303 2182 ser

92 2243 184 2283 annos
213 2234 378 2282 nascentem
404 2225 519 2284 vidistis
544 2224 743 2301 singularique
769 2226 864 2284 studio
889 2225 1002 2283 fovistis
1033 2225 1090 2282 ism
1120 2225 1238 2284 adultus
1268 2225 1306 2284 ad

92 2345 144 2385 vos
166 2326 275 2386 redeat

169 2429 390 2505 Epigrammata
409 2445 514 2505 graeca
540 2448 556 2486 e
581 2427 728 2504 lapidibus
753 2437 874 2504 excepta
901 2429 1006 2505 triplex
1027 2429 1082 2488 fuit
1104 2447 1210 2488 munus
1237 2443 1305 2488 con·-

92 2529 202 2606 ligendi
223 2529 394 2589 emendandi
415 2530 584 2605 adnotandi,
605 2549 727 2607 quorum
748 2529 875 2606 primum
896 2548 967 2590 sane
986 2551 1043 2589 non
1062 2550 1153 2607 aeque
1167 2532 1236 2590 mibi
1251 2532 1307 2591 fuit

93 2630 215 2690 difficile
235 2642 264 2690 et
283 2631 448 2708 ambiguum
468 2651 555 2707 quam
576 2633 619 2691 eis
640 2634 687 2710 qui
708 2632 778 2690 olim
799 2633 922 2690 similem
944 2652 1003 2690 rem
1024 2632 1154 2709 adgressi
1174 2650 1231 2688 non
1245 2640 1306 2690 tam

95 2733 283 2810 conlegerunt
313 2734 523 2810 epigrammata
553 2753 639 2808 quam
669 2734 825 2810 elegerunt.
864 2713 949 2790 'Mihi
984 2753 1052 2792 vero
1082 2751 1146 2791 cum
1177 2734 1305 2790 omnium

94 2841 240 2912 quotquot
260 2854 296 2894 ex
317 2834 463 2912 lapidibus
484 2833 630 2911 descripta
649 2835 791 2894 habentur
811 2835 1048 2911 epigrammatum
1062 2852 1230 2910 graecorum
1245 2853 1303 2892 non

92 2938 209 3014 eclogen
239 2937 291 2996 sed
318 2935 450 3014 syllogen
476 2935 591 3013 plenam
622 2935 681 2995 lere
711 2947 739 2996 et
769 2936 930 2996 absolutam
960 2955 1121 3013 proponere
1151 2935 1302 2994 consilium

94 3040 189 3112 fuerit,
212 3039 237 3096 si
259 3057 334 3114 quae
355 3039 557 3097 desiderantur
578 3057 612 3095 ea
631 3058 728 3098 errore
748 3039 890 3117 culpaque
910 3058 975 3096 mea
995 3039 1102 3097 omissa
1126 3037 1302 3114 putaveritis.

91 3139 230 3200 Consulto
250 3160 318 3200 vero
338 3140 423 3199 omisi
443 3158 508 3198 cum
529 3158 659 3216 eaquae
684 3142 758 3200 adeo
783 3141 889 3199 mutila
917 3147 998 3198 erant
1023 3146 1055 3198 ot
1081 3160 1116 3199 ne
1141 3141 1177 3198 de
1201 3148 1304 3198 natura

95 3243 212 3319 quidem
232 3242 312 3300 tituli
332 3241 435 3318 integri
456 3241 576 3301 iudicari
596 3252 697 3320 posset
716 3253 776 3302 tum
797 3261 927 3319 eaquae
947 3263 983 3300 ex
1003 3242 1150 3302 codicibus
1171 3241 1304 3300 antholo-

94 3346 185 3421 giisve
204 3345 300 3422 petit-a
319 3344 427 3402 iniuria
440 3343 621 3420 aliquamdiu
636 3345 711 3404 inter
724 3347 824 3405 titulos
837 3345 1011 3418 ferebantur,
1031 3344 1111 3403 velut
1128 3343 1306 3420 epigramma

90 3445 213 3504 Hesiodi
234 3445 349 3522 tripodi
370 3446 549 3522 inscriptum,
570 3443 687 3506 Homeri
710 3447 879 3526 Sapphonis
901 3447 1042 3524 Diogenis
1062 3441 1195 3523 Oppiani
1211 3445 1304 3522 epita·

91 3547 170 3626 pbia,
200 3547 325 3625 Pythiae
351 3548 474 3624 denique
500 3548 648 3607 oraculum
675 3550 720 3624 (C.
742 3551 770 3608 J.
800 3549 886 3625 1724)
912 3547 1071 3626 aCyriaco
1095 3567 1132 3606 ex
1156 3547 1304 3606 codicibus

98 3650 321 3727 transscriptum
347 3655 377 3708 et
401 3669 419 3707 a
443 3651 615 3710 Moroniano
640 3671 675 3711 ex
706 3651 744 3711 H.
769 3637 1060 3728 Stephani'cditione
1089 3648 1304 3724 interpolatum,

95 3758 131 3810 at
150 3759 266 3810 taceam
286 3751 323 3810 de
337 3753 455 3810 Aureoli
476 3753 561 3811 titulo
583 3753 727 3812 vilissimo
741 3751 788 3830 (0.
803 3754 832 3814 J.
847 3753 946 3828 6761),
968 3769 1025 3828 quo
1043 3752 1160 3810 tandem
1172 3749 1305 3808 liberavit

98 3871 151 3912 nos
177 3854 352 3914 Mommscni
383 3854 512 3929 prudens
543 3855 678 3914 iudicium
706 3855 807 3932 (Aeol.
829 3859 914 3932 eptpr.
937 3872 964 3930 p.
987 3853 1066 3930 255).
1107 3853 1189 3911 Haec
1217 3852 1305 3928 igitur

90 3975 152 4014 cum
173 3975 229 4014 non
258 3955 415 4013 verendum
440 3955 480 4014 sit
507 3977 543 4015 ne
570 3976 628 4032 quo
653 3958 743 4016 invito
769 3956 1023 4034 praetermiserim,
1049 3955 1155 4013 rectius
1182 3953 1305 4012 fortasse

95 4057 159 4116 ideo
179 4056 352 4132 inculpabor
372 4057 450 4132 quod
471 4077 506 4117 ea
524 4078 582 4117 non
597 4060 692 4135 recepi
712 4077 786 4136 quae
801 4059 854 4118 etsi
869 4077 953 4118 nemo
968 4057 1134 4116 recentioris
1148 4057 1305 4114 memoriae

91 4159 119 4216 iu
142 4159 237 4234 lapide
258 4158 366 4217 viderit
385 4169 482 4218 tamen
504 4179 571 4219 vere
591 4161 732 4240 inscripta
751 4162 841 4220 luisse
861 4171 912 4218 aut
935 4159 1169 4219 luculentissimis
1194 4167 1305 4216 constet

92 4261 267 4321 testimoniis
288 4269 339 4319 aut
359 4263 520 4322 certissime
540 4263 733 4324 demonstrari
753 4264 858 4344 possit,
880 4262 959 4321 velut
980 4279 1055 4340 quae
1068 4261 1097 4320 in
1112 4260 1305 4338 Antbologiae
