3186 5064
560 467 595 523 11.
609 467 759 522 lamiarum
779 475 805 522 st
824 471 910 525 Asiae.

326 625 344 696 d
368 629 623 718 [τρῙιτιλοινάνας
645 634 715 700 dori
738 636 896 720 Λαρτίου
918 633 1013 722 γόνος

328 733 384 796 καὶ
406 737 504 820 μῆνις
526 728 547 799 oi
570 731 786 822 καρ[η]ιίεων·
808 736 861 802 ἐπ’
885 731 1022 822 ἀτρεκές

324 831 477 921 ρι]ιι’.’1ι[ς]
500 835 541 900 τὰ
565 831 670 912 πάντ’,
695 825 740 900 ὧν
763 837 887 904 ἐσθλὸν
909 833 1014 926 ὄρνιτο
1038 841 1144 919 κλέος.

327 936 429 1024 ον’[αι]
453 938 481 1000 δ’
505 930 538 1000 ἒν
560 930 662 1017 dandi
688 943 817 1024 κοῦρον,
843 928 883 1004 ὧι
908 938 1011 1026 πόρεν
1033 941 1157 1022 τέχναν.

245 1041 283 1106 15
328 1085 787 1106 ...............
811 1038 1033 1128 aepporinum
1055 1043 1097 1129 (λη’

325 1133 382 1203 ὑπ’
406 1133 505 1204 diicat
529 1138 694 1216 ολειιῦιοις
716 1137 846 1218 εἰςιιλιύν
869 1137 957 1228 φάος

325 1239 488 1318 ποθεινὸς
510 1234 626 1320 ἀστοῖς
645 1239 735 1306 τάνδ’
759 1236 913 1331 ὑπήλυθε
934 1241 1051 1324 χθόνα.

201 1393 414 1455 Difficillimum
440 1397 619 1476 epigramma
648 1399 742 1477 primo
763 1399 809 1457 vel
829 1408 896 1458 ante
922 1400 967 1458 vel
994 1410 1060 1476 post
1083 1399 1150 1460 Chr.
1171 1423 1199 1462 n.
1224 1405 1340 1462 saeculo

115 1488 270 1566 adsignari
290 1499 394 1566 potest.
437 1494 617 1570 Apographa
652 1495 709 1552 tria
734 1504 801 1552 sunt
827 1493 1007 1572 iiustoxydis
1034 1495 1180 1554 Dodwelii
1206 1495 1338 1569 Schinae,

116 1603 246 1660 quornm
272 1585 383 1645 nulium
410 1597 462 1645 aut
490 1605 592 1665 presse
623 1588 754 1664 sequaris
780 1597 831 1645 ant
854 1587 941 1664 plane
966 1588 1084 1647 abicias.
1105 1623 1142 1634 -
1164 1593 1181 1647 4
1202 1592 1338 1650 Mnaseas

117 1678 329 1755 Cephallenius
354 1681 386 1740 G,
408 1681 429 1742 Ι.
455 1680 538 1742 1928.
578 1681 680 1740 Alium
700 1681 840 1739 indicavit
860 1681 997 1741 Welcker
1018 1683 1088 1759 Spu.
1103 1684 1140 1741 32
1166 1703 1338 1744 commemo-

116 1779 216 1831 ratum
239 1793 257 1832 a
276 1775 452 1836 Manethone
472 1778 498 1834 V
519 1776 576 1837 266
603 1764 768 1856 οἷστρολόγον
793 1765 896 1834 niuniu
920 1768 966 1835 κοιλ
985 1765 1085 1854 ῥητοριι
1105 1771 1150 1836 κοιλ
1171 1767 1339 1858 ψιλλμουσον

114 1865 238 1947 ῥυθμοῖς
257 1861 304 1928 uui
324 1870 431 1951 μέτρων
451 1861 596 1950 ποιῆμιισιν
621 1862 751 1950 εὔστοχον
777 1859 869 1951 οἷ’νὸριι.
891 1905 927 1914 -
949 1862 1036 1950 :draps
1059 1862 1175 1951 οἷ’φθιτον
1195 1893 1210 1930 e
1231 1873 1339 1933 Schinu

116 1964 232 2039 recepi,
257 1965 359 2041 reliqui
386 1955 490 2045 odvopro
515 1967 632 2045 φθιτοῢ,
657 1965 735 2043 quod
760 1966 878 2042 languet
904 1975 970 2042 post
996 1964 1040 2024 miv
1064 1970 1178 2044 τοῲῆσι.
1205 2000 1241 2010 -
1268 1969 1336 2045 Ἱειη.

116 2058 219 2133 suppl.
241 2057 368 2118 Boeckh.
389 2057 578 2142 oidspodpo‘por
598 2079 667 2119 aves
688 2061 766 2138 apud
787 2060 940 2136 Aristoph.
961 2061 1036 2118 Avv.
1063 2041 1144 2118 1384.
1164 2094 1202 2104 —
1224 2061 1241 2120 9
1262 2079 1337 2120 ersa

117 2167 241 2210 ernasor
264 2152 391 2214 Mustox.
427 2173 608 2215 erasernsor
630 2155 728 2216 Schin.
748 2170 903 2213 ersnemor
924 2153 1030 2213 Dodw.
1052 2155 1161 2232 Recepi
1176 2154 1337 2214 Hermanni

116 2247 322 2320 coniecturam,
350 2250 400 2326 qni
425 2252 479 2310 etsi
499 2254 563 2327 ficto
585 2251 716 2310 uocabulo
736 2268 837 2327 graece
858 2259 953 2307 tamen
974 2249 1109 2325 loquitur.
1132 2285 1168 2292 -
1192 2252 1224 2308 11
1247 2266 1337 2312 onnon

118 2334 168 2400 ἐστι’
196 2343 442 2418 praepositionem
473 2346 556 2403 nihili
591 2364 654 2404 esse
681 2344 754 2402 vidit
777 2333 907 2418 Boeckh,
935 2363 1028 2419 neque
1055 2353 1150 2400 tamen
1175 2344 1268 2420 pluris
1293 2355 1338 2401 est

117 2437 200 2512 quod
222 2436 283 2512 ipse
310 2439 404 2514 posui!
437 2427 452 2496 λ’
465 2462 497 2498 τε
522 2441 568 2500 πλ.
609 2440 757 2497 Hermann
782 2426 1004 2509 πολυτιλοινιίτοις,
1025 2439 1069 2496 cni
1090 2457 1183 2495 meum
1204 2439 1336 2513 praetuli.

119 2565 153 2574 -
185 2530 216 2588 12
237 2548 427 2590 Ακνινοοιιτοιυ
448 2529 583 2594 Αἶιικίλιιο
599 2534 706 2594 Graefe
728 2532 874 2591 Boeckhio
893 2535 1018 2609 probare
1038 2534 1138 2608 potuit.
1168 2531 1246 2606 Quid
1263 2551 1336 2608 opus

116 2635 198 2683 esset
217 2627 290 2684 vidit
310 2627 470 2702 Hermann,
492 2630 540 2705 qni
563 2628 579 2688 οἱ
602 2628 800 2708 στρατηλατῶν
820 2628 907 2685 nimis
928 2628 1064 2686 audacter
1084 2627 1199 2701 scripsit
1206 2647 1214 2697 ;
1240 2645 1335 2683 meam

116 2721 214 2796 recepi
241 2722 443 2780 coniecturam.
470 2757 508 2766 -
537 2725 569 2781 13
591 2740 689 2782 aseer
710 2723 807 2782 Schin.
827 2722 933 2781 Dodw.
954 2737 1052 2779 assez
1074 2722 1199 2779 Mustox.
1241 2719 1273 2777 in
1295 2721 1336 2777 eis

117 2835 196 2892 quae
220 2817 322 2892 scripsi
347 2817 443 2876 minus
468 2817 599 2876 offendor
623 2816 753 2894 neglecta
777 2817 907 2893 aspirata
932 2835 1017 2893 quam
1046 2816 1123 2872 nudo
1146 2813 1279 2890 genetivo
1300 2804 1336 2871 οἷν

116 2910 154 2970 cf.
170 2909 293 2969 Theoor.
315 2911 418 2969 XXIV
441 2911 495 2969 122
517 2901 607 2971 πολλοὶ
621 2911 691 2970 θοῶν
712 2901 820 2991 ἐξηροιτ’
841 2899 1110 2990 ἀγόνων-κειμήλιοι.
1139 2908 1335 2966 Wilamowitz

116 2993 365 3084 κατεῒὸ”.’ομη’ρου
373 3002 522 3066 δέλτοι-ἐτ’
534 3001 643 3084 ἀτρεκὲς
649 2995 731 3083 μέθ’·
743 3005 774 3080 ἐξ
784 2997 910 3065 οἰτιῖντων
920 3003 1000 3079 κτλ’.,
1012 3023 1087 3080 quae
1098 3003 1161 3061 ideo
1169 3022 1225 3060 non
1232 3004 1335 3080 probo,

117 3101 198 3178 quod
229 3102 325 3160 verbis
355 3101 397 3160 ἐπ’
422 3097 532 3180 ἀτρεκὲς
558 3087 622 3180 prid
641 3144 673 3160 ..
695 3112 794 3177 aperte
813 3101 951 3178 repetitur
980 3119 1017 3158 ex
1041 3097 1101 3160 οἳ
1122 3097 1241 3156 viatoris
1267 3117 1336 3155 con·

116 3197 248 3275 pellatio.
270 3230 307 3241 —
330 3198 365 3254 14
386 3213 506 3254 neuneu
527 3195 631 3254 Dodw.
658 3194 754 3255 Schin.
781 3212 911 3253 nanum
933 3193 1130 3271 Mustoxydas,
1156 3211 1241 3267 quem
1267 3212 1335 3251 con·

116 3299 180 3352 stat
200 3291 277 3350 haud
297 3310 363 3350 raro
383 3290 559 3366 interpolare
574 3291 650 3366 quod
670 3289 728 3368 ipsi
749 3309 821 3366 opus
842 3290 981 3348 videatur.
1003 3287 1057 3346 νέοι
1071 3283 1123 3346 σ”εἰ
1136 3287 1247 3363 scripsi,
1267 3287 1335 3344 reli·

117 3389 170 3463 qui
202 3385 255 3445 νέον
285 3382 346 3445 div.
368 3421 402 3429 -
438 3386 472 3443 15
498 3401 645 3444 ounnern
675 3404 739 3444 cum
768 3384 802 3441 12
827 3384 886 3442 fere
911 3383 1074 3440 litterarum
1099 3383 1203 3439 lacuna
1228 3381 1334 3442 Dodw.

117 3483 220 3543 Sabin.
249 3498 375 3540 onumen
401 3481 485 3540 Must.
516 3471 594 3558 ἔννομ’
629 3470 751 3557 Ειλνομον
776 3471 858 3536 λιιτνλν
888 3500 924 3557 με
951 3476 1075 3545 Boeckh,
1106 3496 1226 3552 quornm
1256 3465 1334 3554 ἔντιμ’

116 3578 250 3656 pessima
278 3577 423 3634 Welckeri
452 3576 616 3634 coniectura
649 3585 698 3634 est.
739 3571 819 3631 Olim
849 3571 985 3629 Welcker
1014 3567 1150 3648 ὁμευνέτιν
1180 3571 1205 3626 τ’
1230 3563 1334 3644 iiuada,

117 3693 211 3750 quarn
232 3672 401 3730 senientiam
422 3672 555 3748 equidem
576 3680 682 3727 certam
703 3668 784 3726 duco.
806 3699 840 3709 —
866 3666 900 3723 16
921 3665 1022 3740 Antip.
1042 3663 1143 3723 Sidou.
1165 3665 1201 3720 A.
1223 3661 1256 3723 P.
1279 3662 1334 3720 VII

115 3770 157 3828 93
179 3767 211 3826 ἐκ
231 3767 335 3826 πολλοῦ
354 3766 477 3833 σλειιιῒνος
497 3764 516 3822 i.
537 3783 562 3820 e.
583 3768 702 3841 propter
722 3762 838 3839 longum
858 3779 971 3819 aevum.

113 4087 195 4148 186.
236 4085 381 4162 Corcyrae
402 4081 456 4140 sub
476 4085 572 4139 statua
592 4077 666 4138 vidit
685 4077 833 4156 Cyriacus.
855 4073 923 4133 (1.1.
966 4073 1048 4131 1888.

205 4299 212 4312 ⁸
425 4219 624 4307 Βασιλείδης
646 4219 727 4284 «istiu
750 4243 798 4304 κγ,
824 4213 910 4304 ἥρως
930 4220 1035 4302 χοῖρε.

243 4325 294 4400 Εἰ,
319 4323 423 4413 φίλε]
447 4317 644 4397 πυνθάνεαι,
667 4321 717 4398 τίς
740 4317 831 4400 ἔφυν,
857 4317 936 4401 ξένε,
958 4319 1009 4393 τίς
1031 4317 1058 4378 d’
1078 4311 1247 4402 ἐγενήθην,

328 4419 368 4514 ὦ]
393 4426 589 4512 παροδεῖτιι,
612 4419 704 4505 μα’θε
728 4421 807 4497 στὰς
829 4414 942 4504 ὀλίγον
965 4418 1031 4504 πρὸ
1054 4413 1178 4500 τάφων,

1100 4520 1129 4574 5·
