3112 5040
657 410 765 468 iudices.
1280 411 1343 476 683

28 655 29 658 Ἴ
76 578 194 638 Dianae
223 578 357 658 Scythiae
385 581 483 657 imago
516 580 558 653 ah
578 579 683 638 Oreste
773 579 912 655 scriptum
945 579 976 636 in
1009 569 1130 636 matrem
1169 580 1341 639 translatam

116 673 251 730 Palmum
273 674 416 732 translata
436 674 529 747 8729.
773 674 868 746 stas.
888 705 926 715 -
947 671 1035 748 epigr.
1057 663 1194 752 ἰσόψηφον
1213 674 1279 731 806.

75 766 187 826 dictata
207 787 225 824 a
244 766 445 844 ludimagistro
468 769 550 828 1119.
734 757 874 845 {ripaltae
895 765 1060 842 Aesculapii
1081 765 1177 841 8025.

77 859 256 920 didascaliae
277 860 341 919 928.
363 860 429 920 929.
736 861 929 936 epithetomm
945 860 1029 936 copia
1041 860 1072 918 in
1086 860 1261 918 carminibus
1275 859 1342 916 atti-

76 949 146 1028 Δίκη
183 973 304 1031 corpora
338 954 478 1015 κατέλυσε
508 956 622 1030 orari.
651 957 682 1016 in
773 955 814 1012 cis
837 957 888 1013 151
902 955 966 1013 adn.
991 955 1044 1014 169
1055 955 1120 1013 adn.
1143 953 1236 1026 173,5.

115 1040 200 1122 Δίκης
248 1048 317 1107 fano
362 1050 511 1108 hominum
555 1051 683 1110 iustitiae
735 1048 879 1126 epizeuxis
899 1049 992 1126 ligura
1011 1047 1106 1120 4629.
1130 1048 1225 1120 407,3.

115 1150 299 1218 operatorum
313 1152 424 1218 statuae
437 1145 603 1203 conlocatae
617 1145 681 1203 905.
735 1161 825 1218 equus
846 1141 911 1201 625.

114 1237 181 1296 906.
202 1237 269 1296 909.
733 1233 927 1310 Erythrarum
966 1236 1045 1296 urbis
1086 1234 1220 1294 fabulosa
1258 1233 1341 1311 origo

74 1329 246 1407 diphthongi
270 1331 380 1390 ionicae
400 1353 433 1390 aa
454 1339 482 1390 et
502 1353 527 1390 so
550 1331 643 1405 774,2.
655 1332 682 1389 3.
773 1329 908 1387 totadn.

74 1425 219 1484 distichon
240 1426 316 1484 idem
338 1426 383 1484 his
395 1426 523 1502 positum
537 1427 566 1484 in
580 1426 682 1484 eodem
734 1423 871 1498 Europae
894 1428 925 1481 et
949 1423 1040 1482 Asiae
1069 1421 1234 1482 nominibus
1259 1422 1342 1497 inpe-

114 1519 265 1597 epitaphio
289 1520 443 1594 506‚6.11.
469 1521 594 1579 disticha
622 1521 682 1578 sin·
771 1515 848 1573 rium
896 1534 1049 1574 romanum
1100 1515 1342 1591 conprehenditur

113 1613 183 1691 girls
201 1615 245 1672 ita
263 1631 328 1672 sese
340 1613 490 1689 excipiunt
503 1623 536 1672 ut
548 1614 682 1690 proximo
773 1609 867 1683 stas.
888 1643 926 1655 —
947 1609 983 1668 V.
1005 1627 1028 1670 s.
1049 1629 1076 1667 v.
1098 1607 1212 1670 Graeci.

116 1727 233 1784 quoque
254 1727 341 1765 unum
357 1708 475 1784 aliquod
490 1727 525 1765 ex
540 1689 685 1782 superiori

114 1799 286 1859 vocabulum
305 1808 453 1879 repetatur
474 1799 527 1861 261
541 1802 608 1861 adn.
733 1798 878 1858 Faustina
901 1800 995 1858 maior
1018 1798 1108 1858 altera
1128 1799 1216 1859 ceras
1240 1799 1342 1872 1046,6

74 1893 232 1952 diversium
254 1894 338 1969 935,3
351 1897 415 1954 adn.
771 1893 838 1952 adn.

72 1987 184 2047 donum
208 1987 334 2066 hospitis
356 1989 468 2063 113·t‚2.
493 1989 623 2048 mulieris
644 1992 682 2049 ad
733 1987 853 2046 floribus
893 1998 1029 2048 ornatum
1066 1987 1231 2064 sepulcrum
1266 1987 1340 2060 73,1.

112 2080 235 2140 amicam
260 2083 341 2141 1130.
772 2081 859 2142 flores
898 2083 936 2140 ad
981 2081 1144 2159 sepulcrum
1188 2067 1343 2138 nascantur

71 2175 172 2233 dorica
190 2175 286 2233 forma
305 2173 404 2255 ἀρεταῖς
424 2177 454 2234 in
474 2163 565 2254 epigr.
592 2179 681 2236 attico
771 2175 866 2248 569,6.
907 2177 945 2234 ab
978 2177 1092 2234 ossibus
1125 2175 1212 2232 flores
1248 2175 1341 2247 191,7.

112 2270 188 2343 30,6.
208 2270 283 2342 09,1.
771 2271 866 2342 otor.
887 2271 953 2329 548.

72 2363 269 2441 Dymaeorum
290 2364 326 2422 de
346 2364 427 2423 Eleis
448 2365 569 2424 victoria
588 2367 653 2426 790.
732 2362 825 2422 fontes
856 2363 934 2438 apud
963 2363 1073 2422 inferos
1104 2363 1162 2420 duo
1192 2352 1288 2434 Λήθης
1315 2371 1345 2420 et

769 2447 951 2535 Mrapccu‘rar
973 2455 1056 2514 1037.

71 2577 86 2625 η
107 2569 162 2628 pro
183 2574 210 2610 ar
230 2561 259 2610 et
278 2559 381 2612 contra
400 2555 516 2630 saepius
537 2553 601 2613 372.
731 2549 836 2608 fratres
856 2559 915 2608 tres
935 2550 1131 2608 duodenorum
1150 2565 1301 2620 annorum,
1322 2567 1338 2604 e

71 2643 118 2702 iila
138 2645 218 2703 verbi
238 2647 282 2704 vis
303 2647 411 2722 duplex
432 2649 543 2718 1111,4.
769 2643 875 2720 quibus
898 2643 955 2703 duo
982 2643 1107 2702 eiusdem
1127 2640 1252 2700 nominis
1273 2640 1338 2700 732.

72 2735 126 2797 εἴτε
150 2739 178 2796 in
212 2738 275 2798 sola
304 2741 398 2800 altera
427 2741 568 2800 enuntiati
597 2751 680 2818 parte
731 2738 860 2797 futurum
881 2757 935 2814 pro
955 2737 1119 2812 inperativo
1138 2735 1251 2808 646‚10.
1273 2754 1339 2793 cum

110 2832 241 2909 positum
261 2833 355 2907 588‚6.
770 2823 802 2890 ai‘u
831 2850 885 2907 pro
917 2831 1099 2890 coniunctivo
1129 2830 1185 2889 376
1210 2829 1262 2886 51
1288 2830 1337 2887 cl

70 2926 188 2985 eliditur
214 2925 276 2986 iota
300 2916 387 2988 hilt'
408 2925 476 3007 ἔχων
502 2930 596 3002 slot.
624 2933 680 3009 περ’
770 2925 815 2983 dl
837 2924 890 2984 e2.
988 2959 992 2970 ·

111 3018 187 3096 ἐμεῖο
201 3020 237 3079 87
240 3021 295 3094 0,7.
309 3022 372 3079 iota
385 3022 478 3081 dativi
492 3026 563 3101 sing.
578 3024 680 3082 elisum

110 3121 266 3173 excusatur
276 3114 371 3187 772,1.
384 3115 445 3174 iota
457 3116 516 3178 dat.
527 3118 566 3194 pl.
578 3117 680 3178 elisum
731 3106 784 3193 adp
806 3123 910 3192 quarto
927 3114 990 3172 loco
1003 3115 1132 3192 positum
1146 3113 1223 3188 30,4.
1243 3113 1339 3191 primo

111 3207 380 3283 818‚14.1035,25.
770 3209 890 3268 alterius
927 3207 1102 3285 pentametri
1140 3207 1233 3286 partis
1273 3207 1338 3265 loco

71 3300 220 3377 enallages
249 3303 355 3380 ligura:
395 3297 452 3382 βίος
482 3324 535 3381 pro
565 3305 681 3364 homine
739 3291 741 3296 .
770 3301 863 3376 233‚8.
895 3312 938 3361 ter
963 3302 1098 3378 deinceps
1123 3302 1248 3379 positum
1272 3300 1339 3374 226,

111 3395 206 3468 489,3.
771 3397 797 3454 3.
809 3397 835 3454 5.
848 3397 874 3454 7.

71 3477 360 3566 epanalepsi1202‚l.
373 3492 467 3566 388‚6.
479 3491 573 3566 5499.
585 3493 678 3567 570,7.
731 3512 764 3564 γε
783 3491 949 3569 pronomini
968 3491 1195 3549 demonstrativo
1209 3489 1240 3549 in
1252 3488 1339 3547 titulo

111 3581 206 3655 8285.
243 3584 373 3657 1027,31.
414 3587 526 3659 1044,1.
569 3587 680 3661 1089,4.
771 3585 950 3644 dedicatorio
970 3583 1100 3642 additum
1122 3583 1204 3657 742,1
1218 3581 1285 3640 adn.

114 3677 226 3748 1140,1.
247 3678 326 3738 Add.
349 3679 485 3740 torcat.
731 3686 878 3756 geometra
897 3699 923 3738 v.
945 3686 1135 3737 astronomus.

71 3771 248 3846 epheborum
262 3772 407 3832 amicitiae
416 3781 604 3832 monumenta
614 3775 679 3833 957.
730 3772 875 3850 gladiator
893 3771 958 3831 290.
973 3771 1079 3847 350sq.
1094 3771 1158 3829 529.
1174 3772 1241 3830 945.
1261 3771 1338 3828 Add.

111 3865 176 3924 958.
199 3866 264 3926 963.
770 3867 824 3925 333
833 3885 860 3926 a.
880 3883 982 3924 scaeva
995 3864 1073 3924 Add.
1090 3864 1338 3924 essecestram

72 3961 253 4037 epigramma
292 3961 452 4037 sepulcrale
491 3962 521 4019 in
560 3962 680 4022 vasculo
769 3959 972 4036 gladiatorium
993 3961 1088 4032 407,4.

112 4057 252 4132 seriptum
281 4057 363 4113 1134.
393 4056 475 4112 1135.
506 4089 541 4098 —-
571 4075 614 4132 ep.
646 4057 680 4114 de
732 4052 859 4130 Gorgiae
870 4053 995 4129 Delphis
1005 4059 1035 4110 et
1047 4052 1203 4130 Olympiae
1213 4052 1338 4113 honores

111 4151 214 4208 iuvene
225 4149 367 4226 scriptum
378 4148 408 4205 in
422 4149 571 4208 mulierem
585 4157 679 4209 trans·
769 4149 845 4208 Add.
867 4148 956 4206 stoa.

111 4246 205 4303 latum
234 4244 302 4314 1693
333 4242 368 4300 de
396 4243 508 4318 virgine
538 4244 678 4319 scriptum
731 4242 892 4302 Gothorum
932 4242 960 4300 in
995 4240 1149 4300 Graeciam
1188 4243 1336 4322 expeditio

112 4339 209 4398 iuveni
239 4335 399 4399 adhibitum
430 4336 501 4410 5213
532 4337 568 4396 de
597 4343 680 4414 patre
768 4338 847 4397 Add.
869 4337 966 4396 stac.
