3156 5040
217 377 288 447 '320
651 380 848 454 Epigrammata
863 381 1029 436 dedicatoria.

216 545 305 612 190.
337 549 374 608 In
396 550 523 610 Achaiae
543 550 619 622 rico,
639 549 692 627 qni
711 546 726 624 ἦ
747 541 825 610 κάτω
842 541 953 630 Ἀχαΐα
973 559 1101 622 uocatur,
1122 547 1230 608 veteris
1244 547 1363 624 Dymae
1384 543 1459 602 loeo.

225 639 382 720 Rangabes
407 641 494 703 2218.

356 769 484 855 Χαῖρέ]
507 793 578 851 μοι,
603 767 792 857 αά(λ)λιστο
814 769 924 833 καλῶν
945 763 1074 856 ἠιθέων
1097 764 1331 852 Πολύστρατε,

358 863 522 956 άλκίμ]ωι
543 867 693 950 μάλιστα
716 868 849 934 πάντων
867 863 1028 954 Ἡρακλεῖ
1049 868 1209 952 τετιμὲνε,

356 960 396 1046 ὃς
417 965 540 1054 πάλαι]
564 967 672 1056 όάμρς
694 964 751 1034 ὑπ’
774 965 895 1055 αἰχμῆς
919 967 1067 1054 &cripitur
1090 968 1294 1042 Μολιννάᾶν,

355 1067 495 1156 πυκνὸν]
513 1062 685 1156 Ἀλκοίόρι
707 1068 879 1153 κορύσσων
901 1064 1048 1151 οὐλαμὸν
1069 1065 1301 1156 παραστάτης,
1343 1139 1344 1144 ¹

356 1167 451 1255 ἔγχος
473 1165 609 1256 άῇίννας
631 1165 789 1256 σνδήροι[ι
811 1169 864 1256 τ]ά
886 1171 965 1256 πρὶν
986 1168 1228 1250 ἐστομωμένον.

285 1327 287 1332 .
358 1265 431 1336 ἀλλ’
456 1266 630 1357 iteponer-
655 1269 692 1335 ἐκ
715 1272 759 1357 d']
783 1261 834 1357 ἄρ’
858 1263 967 1335 ὅσσων
990 1265 1031 1335 οὐ
1054 1269 1164 1355 πάρος
1187 1267 1400 1348 δεδευμένων

355 1366 519 1459 Ἡρακλεῖ
542 1372 708 1458 antimo
731 1370 835 1459 δάκρυ
859 1373 915 1436 καὶ
938 1371 1059 1459 χοηράν
1080 1367 1183 1450 ἴαχεν,

357 1471 504 1554 χαλκέων
526 1469 643 1558 χαίτην
665 1475 694 1537 d'
718 1464 900 1559 άαλ]εκτον
922 1470 1079 1549 §curtante
1103 1469 1281 1555 φασγάνων

308 1711 420 1770 Lucem
449 1707 534 1766 titulo
564 1709 713 1788 adspergit
738 1710 902 1770 Pausanias
927 1710 985 1769 Vll
1009 1711 1055 1783 17,
1079 1711 1096 1769 8
1131 1699 1221 1821 ὀλάχον
1257 1703 1287 1765 δὲ
1324 1727 1373 1822 προ
1415 1709 1468 1764 τοῦ

234 1797 343 1873 αστεως
357 1802 417 1862 εστι
438 1825 492 1862 των
507 1796 672 1882 Δυμαίων’
661 1827 687 1862 εν
707 1799 736 1863 it
720 1803 836 1885 tfiqi
801 1799 931 1880 τηςάτλου
919 1794 1043 1884 τάφος
1063 1791 1250 1883 Σωστράτου·
1261 1789 1417 1916 μενραῖριιον
1439 1797 1468 1858 δὲ

234 1925 264 1977 ην
283 1904 338 1960 τῶν
359 1891 522 2012 ἕρνχωρίων,
546 1898 677 1971 γενέσθαι
701 1894 729 1956 di
748 1896 949 1978 'Hpuabtoar’
938 1886 1069 1980 εριάμενάν
1089 1904 1174 1977 φασιν
1193 1885 1291 1968 adrui,
1312 1888 1372 1969 κατ’,
1396 1893 1466 1954 οἷαο-

235 1993 326 2056 θανεῖν
344 1982 398 2073 ’γάρ
424 2015 470 2051 τον
495 1979 665 2072 Σολστρατον
682 1989 851 2108 Ἡρρκλέους
877 1985 955 2052 irc*
940 2016 1012 2062 οντος
1038 1982 1113 2072 μετά
1138 1983 1301 2073 ανθρωπων,
1329 1979 1424 2058 οὕτως
1446 1987 1468 2048 ci

234 2112 280 2150 τον
296 2076 490 2168 Ηρακλέα’
456 2108 485 2145 το
507 2109 539 2145 τε
559 2089 658 2165 μνῆμα
678 2075 762 2146 αάτλν
783 2083 845 2146 εἶναι
864 2077 909 2146 riv
933 2075 1081 2202 παρ’ταντα
1107 2078 1154 2145 καὶ
1175 2075 1310 2164 ἀπαρχάς
1332 2073 1389 2142 oiri
1413 2087 1470 2143 τῶν

236 2181 262 2242 lv
287 2184 324 2274 πῖ
346 2179 457 2273 κεφαλῆ
483 2181 582 2296 τροχῶν
602 2175 701 2240 δοῦναι.
741 2173 865 2260 ἐπίθημα
891 2175 920 2238 di
944 2172 1046 2248 καλεῖς
1073 2178 1125 2260 ἐμὲ
1144 2176 1183 2240 ἔτι
1204 2167 1293 2255 στηλη
1316 2200 1349 2237 τε
1369 2170 1403 2252 ἦν
1426 2170 1469 2237 snt

235 2279 287 2336 τοῦ
310 2263 447 2355 χώματος
472 2266 519 2332 καὶ
541 2271 682 2353 Ἡρακλῆς
706 2272 923 2352 ἐπειργασμένος.
963 2271 1073 2347 ἐλέγετο
1099 2269 1169 2332 δὲ
1149 2297 1186 2343 ως
1213 2272 1235 2332 οἱ
1257 2259 1400 2352 ἔτιχιάριοι
1421 2263 1470 2331 καὶ

236 2363 390 2444 ἐναγίζουσι
408 2389 449 2427 τω
435 2361 639 2447 ΗΣωστρατῳ.
666 2367 749 2426 Haec
768 2367 839 2427 adeo
858 2387 922 2427 cum
944 2367 1026 2426 titulo
1046 2369 1212 2427 consentire
1226 2365 1311 2424 vides
1332 2375 1366 2424 ut
1390 2385 1472 2442 quae

236 2464 401 2540 discrepent
425 2468 477 2520 aut
495 2460 660 2520 Pausaniae
684 2462 795 2520 tribuas
820 2462 909 2520 errori
935 2471 986 2520 aut
1005 2479 1104 2519 eorum
1130 2482 1149 2520 a
1169 2462 1277 2539 quibus
1299 2459 1354 2518 ille
1376 2461 1471 2518 lando

237 2566 355 2634 accepta
369 2554 490 2616 rettulit.
518 2553 623 2631 Neque
635 2553 713 2612 enim
734 2555 760 2612 is
781 2561 825 2614 est
845 2555 967 2630 scriptor
980 2573 1066 2630 quem
1088 2555 1278 2630 Polystratum
1300 2562 1332 2612 et
1351 2553 1473 2613 Soura·

237 2663 293 2710 tum
324 2650 444 2708 nomina
472 2649 548 2706 inter
573 2667 605 2706 se
628 2647 792 2706 confudisse
816 2645 983 2705 incredibile
1002 2647 1049 2722 sit,
1074 2667 1140 2707 cum
1158 2649 1340 2726 praesertim
1360 2648 1468 2725 paullo

237 2751 307 2823 post
316 2747 356 2821 (c.
377 2745 422 2816 17,
435 2743 485 2818 14)
513 2741 548 2799 de
569 2741 703 2802 Sostrato
714 2739 880 2799 Pellenensi
899 2740 1093 2817 olympionice
1112 2745 1294 2802 narrandum
1316 2744 1419 2818 fuerit,
1441 2755 1470 2802 et

237 2838 402 2917 Dymaeus,
422 2853 544 2913 qnorum
565 2833 634 2892 urbs
654 2833 744 2892 variis
763 2841 927 2910 temporum
941 2834 1193 2896 vicissitudinibus
1207 2843 1279 2915 post
1292 2841 1469 2916 Augustum

236 2932 267 2990 in
287 2929 387 3007 oppidi
408 2927 501 2987 vicive
520 2925 708 3004 exiguitatem
728 2927 845 2986 redacta
863 2935 935 3001 erat,
956 2948 992 2986 ne
1005 2928 1087 3006 ipsos
1101 2931 1220 3006 quidem
1234 2933 1309 2990 satis
1323 2933 1387 2991 iam
1403 2953 1469 2991 rem

238 3023 421 3099 exploratam
440 3019 578 3079 babuisse
597 3019 689 3078 facilis
709 3029 753 3078 est
771 3019 909 3097 suspicio:
939 3020 1013 3079 illud
1036 3029 1113 3081 certe
1137 3042 1195 3082 non
1216 3025 1335 3084 videtur
1359 3045 1381 3084 a
1401 3025 1469 3103 Dy-

237 3116 330 3175 maeis
340 3114 506 3192 conperisse
515 3112 678 3171 Pausanias
688 3111 885 3189 Polystratum
895 3113 925 3172 in
935 3113 1143 3174 Holinidarum
1152 3135 1253 3193 pugna
1262 3120 1418 3178 cecidisse.
1430 3153 1469 3164 -

237 3208 371 3267 Litterae
397 3225 462 3266 curn
485 3206 689 3264 macedonicae
713 3224 800 3281 quam
822 3214 927 3264 vocant
951 3209 1055 3266 aetatis
1080 3209 1153 3282 sint,
1178 3220 1247 3270 ente
1274 3231 1388 3271 annum
1410 3213 1470 3272 208

239 3302 367 3378 scriptus
387 3300 490 3358 titulus
510 3300 632 3372 ridetur,
654 3317 710 3375 qno
730 3299 845 3375 quidem
865 3319 943 3358 anno
962 3302 1032 3360 urbs
1052 3301 1139 3360 fidem
1159 3303 1303 3382 Philippo
1324 3307 1393 3384 regi
1407 3327 1470 3366 ser-

240 3400 340 3455 vatam
358 3392 556 3452 Romanorum
581 3391 692 3449 excidio
712 3391 821 3464 luebat,
848 3393 890 3451 eis
911 3401 1004 3452 antem
1026 3414 1100 3472 qnae
1119 3398 1256 3473 proxime
1283 3401 1471 3460 antecedunt

236 3486 418 3565 temporibus
439 3483 548 3544 crebris
567 3485 707 3543 Eleorum
721 3485 946 3562 Aetolorumque
969 3488 1183 3549 incursionibus
1203 3494 1387 3568 petebantur
1402 3494 1471 3572 Dy-

236 3581 312 3642 maei
333 3580 498 3656 frustraque
518 3580 641 3638 Aratum
661 3577 772 3636 auxilio
791 3581 944 3653 vocabant,
965 3581 1056 3640 donec
1075 3601 1101 3641 a
1114 3583 1170 3642 219
1185 3602 1253 3642 cum
1267 3586 1340 3646 Elei
1355 3587 1470 3647 Teicbo

236 3673 358 3735 castello
383 3690 477 3750 prope
496 3670 612 3748 Dymen
632 3671 688 3728 sito
709 3677 796 3746 capto
816 3673 872 3732 iam
893 3674 949 3751 ipsi
969 3676 1033 3736 urbi
1057 3676 1242 3736 obsidionem
1267 3679 1471 3754 minarentur,

238 3767 486 3828 mercenariorum
506 3782 593 3822 manu
614 3770 716 3822 coacta
734 3761 870 3842 Philippo
883 3786 949 3843 rege
968 3768 1078 3826 auxilio
1097 3773 1234 3848 yeniente
1274 3773 1381 3832 hostes
1403 3774 1470 3832 seli·

236 3862 307 3921 citer
331 3862 504 3938 fugaverunt
528 3875 671 3933 agrosque
696 3874 795 3914 eornm
819 3857 939 3934 ingressi
969 3869 1168 3923 vastavenmt.
1214 3865 1304 3926 Hanc
1336 3868 1471 3926 fortasse

240 3955 395 4012 victoriam
420 3949 584 4027 Polystrati
605 3967 710 4025 operae
729 3948 894 4008 tribuebant
913 3953 963 4028 qui
983 3963 1015 4011 ut
1034 3955 1105 4014 olim
1125 3957 1265 4018 Herculis
1287 3961 1333 4019 ita
1354 3962 1470 4019 civium

238 4054 300 4105 tum
321 4032 503 4126 παραστάτης
523 4043 684 4114 extitisset3
714 4041 825 4118 gratias
844 4053 938 4102 autem
958 4045 1115 4109 relerentes
1136 4051 1217 4110 heroi
1237 4061 1358 4112 veteres
1378 4073 1470 4112 reno·

238 4141 347 4198 rabant
370 4140 495 4197 bonores
519 4138 710 4210 restitutoque
734 4135 841 4193 sacello
865 4137 912 4193 diu
937 4139 1068 4215 neglecto
1098 4143 1216 4200 titulum
1246 4146 1472 4223 inscripserunt

238 4231 268 4288 iu
288 4231 330 4288 rei
351 4231 425 4288 bene
444 4235 544 4306 gestae
563 4227 748 4297 memoriam3
768 4245 851 4302 quern
873 4231 926 4290 etsi
946 4234 1065 4292 mutilus
1084 4235 1120 4292 ad
1134 4253 1189 4294 nos
1202 4239 1341 4314 pervenit
1355 4239 1470 4314 (multo

240 4323 315 4382 enim
338 4323 453 4382 videtur
473 4321 597 4396 amplior
617 4320 731 4395 fuisse),
751 4320 820 4378 boni
839 4326 935 4381 tamen
956 4331 1060 4401 poetae
1080 4345 1146 4386 esse
1160 4329 1294 4406 adparet,
1316 4339 1470 4410 tantaque
