3142 5062
661 421 796 489 praelatio.
1286 437 1335 486 νη

117 595 202 646 erant
222 587 378 664 Lydorum
398 587 490 661 tituli,
520 589 570 664 qui
596 588 678 646 multi
703 595 772 648 sunt
795 597 824 646 et
842 595 991 665 tamquam
1013 590 1180 650 helluantur
1199 592 1228 648 iu
1252 593 1334 651 varia

118 689 156 746 ds
182 690 267 748 rebus
291 690 397 749 futuris
422 689 596 765 cogitatione
622 691 733 765 (nescio
760 711 796 748 an
828 692 999 769 Erythraeis
1024 693 1159 766 ducibus,
1185 695 1334 752 beatorum

117 789 239 864 colonis,
264 791 299 850 ci.
320 792 358 850 ad
379 811 408 850 n.
432 790 513 866 904),
539 811 631 868 neque
658 793 753 850 minus
785 793 990 870 Pbrygiorum‚
1020 793 1126 869 quibus
1153 793 1334 854 Graecorum

117 891 154 949 de
174 891 275 951 inferis
295 893 409 952 fabulae
429 893 587 952 maximam
607 895 637 952 in
659 895 902 971 contemptionem
921 905 1068 954 venerunt.
1099 895 1235 971 Denique
1248 915 1333 972 pecu·

115 991 219 1050 liuram
242 994 336 1054 locum
362 995 445 1072 Syris
471 996 632 1073 adsignavi,
657 1012 780 1072 quornm
805 1014 880 1073 quae
905 997 1057 1073 potissima
1084 997 1226 1056 scribendi
1254 999 1330 1056 ratio

117 1094 205 1152 fuerit
224 1097 365 1154 neminem
387 1097 478 1174 fugiet
497 1097 647 1174 legentem.
689 1099 737 1156 lix
757 1098 832 1157 Asia
857 1099 887 1156 in
908 1098 1061 1158 Graeciam
1089 1101 1254 1176 remigravi,
1282 1101 1326 1158 oui

117 1197 231 1272 priores
251 1207 348 1274 partes
368 1218 432 1258 eam
453 1200 490 1256 ob
510 1218 571 1258 rem
591 1199 764 1276 denegarem
784 1219 820 1258 ne
841 1200 910 1258 vilia
929 1199 1045 1260 infimae
1070 1202 1174 1260 aetatis
1203 1202 1333 1260 carmina

117 1317 194 1374 quae
208 1300 375 1375 praevalent
387 1301 611 1377 elegantissimis
628 1301 730 1360 ionum
743 1302 913 1377 Dorumque
927 1304 1144 1379 epigrammatis
1158 1313 1333 1377 anteponere

116 1419 247 1478 cogerer:
269 1421 443 1480 quamquam
463 1402 623 1463 haedere
644 1423 711 1462 num
734 1414 810 1462 recte
829 1405 1019 1462 indicaverim
1039 1405 1157 1463 iamiam
1177 1405 1332 1464 dubitatio-

122 1504 169 1562 nis
189 1504 300 1581 aliquid
320 1506 511 1567 subnascitur.
545 1505 669 1564 Restant
689 1506 740 1582 qni
760 1525 778 1564 a
798 1503 919 1565 Graecis
940 1507 1104 1565 didicerunt
1123 1506 1261 1579 Romani,
1282 1507 1333 1582 qui

117 1625 208 1681 quam
229 1608 362 1668 sollerter
391 1617 519 1666 veterum
544 1608 930 1686 epigrammatographorum
959 1609 1093 1686 exempla
1115 1607 1206 1666 secuti
1227 1608 1285 1665 sint
1305 1617 1334 1666 et

119 1708 301 1768 excoluerint
320 1719 349 1768 et
369 1708 567 1786 Anthologiue
587 1717 691 1788 poetae
710 1711 828 1788 plurimi
848 1711 953 1768 docent
972 1718 1002 1769 et
1020 1711 1100 1787 prior
1122 1730 1208 1787 quam
1229 1731 1247 1769 a
1267 1711 1333 1768 reli·

119 1809 187 1885 quis
218 1811 351 1889 separavi
380 1811 578 1871 Romanorum
614 1818 644 1870 et
672 1811 934 1888 Neapolitanorum
971 1814 1208 1888 epigrammatum
1248 1831 1331 1889 para:

116 1911 293 1986 praevalent
312 1921 406 1972 autem
427 1915 474 1972 hic
493 1932 610 1990 quoque
629 1921 661 1971 ut
680 1933 734 1991 par
754 1923 798 1972 est
816 1914 930 1992 giliora-

198 2012 389 2076 Dedicatoria
409 2016 494 2092 longe
514 2016 659 2074 diversum
681 2015 738 2074 sibi
761 2015 953 2090 postulabant
977 2015 1117 2088 ordinem,
1149 2021 1181 2074 nt
1205 2036 1280 2093 quae
1305 2029 1333 2075 et

112 2116 257 2191 pauciora
276 2125 374 2176 esseut
394 2126 422 2176 et
441 2137 496 2194 pro
517 2125 749 2195 argumentorum
769 2116 939 2175 diversitate
959 2126 1063 2194 sponte
1083 2118 1112 2175 in
1126 2117 1257 2177 diversas
1271 2119 1330 2177 dis-

113 2218 249 2278 cederent
268 2226 367 2295 partes
388 2242 395 2276 :
417 2238 486 2277 nam
518 2228 547 2276 et
572 2219 711 2296 ephebica
736 2227 764 2276 et
789 2218 952 2294 agonistica
981 2220 1056 2280 inter
1086 2239 1118 2278 se
1148 2220 1236 2279 divisi
1266 2221 1332 2295 (nec

117 2323 250 2395 poenitet
269 2321 386 2397 iecisse)
407 2327 437 2379 et
456 2331 681 2398 proscynemata
702 2321 825 2398 hymnos
845 2321 963 2380 oracula
983 2321 1047 2380 iure
1070 2321 1142 2380 mibi
1162 2322 1261 2380 videor
1281 2324 1330 2381 de·

116 2421 269 2482 dicatoriis
305 2425 520 2483 adnumerasse.
577 2424 694 2502 Septem
727 2423 814 2500 igitur
844 2424 955 2482 institui
984 2433 1091 2500 partes,
1122 2443 1244 2500 quarum
1273 2445 1332 2500 quo

116 2543 264 2601 quamque
284 2525 369 2584 modo
390 2525 585 2603 disposuerim
606 2525 752 2602 explicare
771 2525 846 2583 nihil
866 2526 987 2585 adtinet.

195 2625 343 2687 Glaudunt
363 2647 465 2704 agmen
484 2627 698 2714 epigrammata
718 2628 799 2684 varia
819 2636 955 2703 quattuor
975 2627 1003 2684 in
1024 2637 1122 2703 partes
1148 2627 1243 2686 divisa
1269 2623 1329 2685 om-

116 2729 175 2801 nia,
195 2748 212 2786 e
232 2730 338 2805 quibus
359 2731 453 2806 prima
467 2730 663 2790 ,terminorum
683 2727 884 2788 aedificiorum
910 2730 1034 2788 fontium
1059 2727 1193 2805 pontium
1219 2728 1328 2802 titulos,

116 2840 221 2906 quarta
240 2832 367 2890 amuleta
387 2839 417 2890 et
436 2832 516 2890 diras
536 2831 735 2908 conplectitur,
765 2831 895 2907 reliquas
922 2831 994 2889 duas
1021 2831 1113 2906 magis
1141 2830 1241 2888 dubito
1261 2848 1330 2887 num

116 2941 193 2993 recte
214 2933 453 2993 administrarim.

198 3035 339 3096 conlecta
358 3035 427 3092 dum
447 3035 500 3094 edo
520 3035 699 3112 schedasque
718 3036 800 3112 prelo
820 3037 903 3094 trado
923 3035 1002 3095 haud
1016 3033 1171 3093 mediocris
1191 3032 1332 3091 succrevit

116 3139 318 3196 Addmdcmm
336 3137 423 3213 copia
441 3155 507 3195 cum
534 3155 634 3195 sorum
659 3155 734 3213 quae
763 3157 861 3196 recens
892 3139 1009 3197 inventa
1039 3143 1107 3195 sunt
1138 3145 1199 3192 tum
1228 3153 1327 3193 eorum

114 3259 190 3316 qnae
214 3257 269 3317 ego
295 3238 461 3297 huiusmodi
488 3239 596 3314 negotii
624 3240 751 3298 nondum
781 3241 852 3299 satis
882 3240 990 3317 peritus
1021 3238 1067 3314 vel
1097 3237 1253 3294 omiseram
1283 3237 1329 3294 vel

115 3341 188 3400 islso
214 3341 287 3398 olim
312 3339 375 3398 loco
399 3341 551 3399 conlocata
574 3347 761 3400 retraxeram.
809 3343 928 3400 Eisdem
960 3347 1057 3399 autem
1088 3341 1124 3399 de
1155 3340 1250 3396 causis
1282 3339 1327 3396 vel

111 3445 260 3502 Addendr'a
276 3460 350 3518 qnae
362 3443 498 3501 adderem
507 3443 605 3522 habui,
624 3461 698 3519 quoe
714 3443 745 3501 in
763 3444 846 3502 buius
862 3442 1051 3520 praelationis
1066 3440 1143 3500 calce
1159 3441 1328 3499 subicienda

111 3547 228 3619 curavi;
249 3543 389 3604 nonnulla
408 3545 493 3604 doleo
513 3546 590 3621 quod
609 3555 676 3622 post
692 3546 835 3604 confectos
850 3546 965 3604 demum
980 3554 1008 3604 st
1022 3545 1100 3621 typis
1114 3561 1268 3619 expressos
1283 3544 1326 3599 in·

110 3649 189 3707 dices
204 3657 395 3708 accesserunt.
418 3647 569 3706 Addendis
583 3649 695 3724 passim
708 3647 884 3706 intermiscui
899 3647 1082 3724 corrigenda3
1103 3645 1214 3704 correxi
1229 3655 1326 3701 tamen

110 3769 148 3810 ea
177 3758 292 3808 tantum
324 3767 399 3825 quac
428 3749 555 3826 legentes
585 3750 730 3808 offendere
758 3749 939 3822 viderentur,
970 3749 1029 3807 alia
1059 3748 1203 3825 permulta
1232 3747 1327 3804 sciens

111 3851 308 3930 praetermisi
350 3851 436 3926 Quod
455 3851 618 3910 incredibili
638 3871 791 3928 operarum
812 3851 944 3911 socordia
964 3857 995 3909 et
1007 3851 1142 3927 inperitia
1160 3850 1269 3907 iactum
1284 3853 1327 3908 est

111 3967 146 4014 ut
166 3953 327 4014 innumeris
347 3953 406 4010 iere
426 3952 497 4012 locis
518 3953 674 4028 spirituum
694 3965 920 4030 accentuumque
939 3963 1025 4012 notae
1045 3952 1174 4028 dilapsae
1194 3952 1326 4025 abierint,

112 4077 200 4136 aegre
220 4059 276 4115 hoc
295 4055 365 4129 iero,
386 4055 500 4132 aegrius
521 4073 589 4113 vero
603 4057 679 4132 qnod
698 4058 762 4133 ipse
782 4059 858 4116 iusto
878 4055 995 4132 saepius
1021 4063 1154 4112 accentus
1173 4072 1326 4130 perperam

110 4163 223 4240 positos
244 4158 389 4234 corrigere
409 4158 523 4235 neglexi
529 4179 537 4228 ;
558 4158 608 4234 qui
628 4177 741 4217 errores
762 4177 851 4235 quam
869 4157 948 4234 digni
967 4157 1025 4215 sint
1039 4157 1089 4233 qui
1102 4156 1228 4232 graviter
1241 4156 1326 4213 casti·

110 4275 215 4342 gantur
236 4261 329 4338 probe
349 4261 416 4333 scio,
437 4279 614 4337 quamquam
633 4281 726 4338 neque
746 4279 837 4337 aeque
851 4276 944 4336 neque
962 4261 1120 4335 prudenter
1134 4257 1326 4315 existimantis
