3156 5032
199 337 233 391 Il.
259 335 368 391 heroum
380 339 408 390 et
420 337 536 391 virorum
549 336 680 391 clarorum
693 340 868 391 monumenta
881 335 1009 392 artificum
1022 339 1171 408 artiumque
1184 337 1265 393 tltuli.
1285 338 1347 404 489

292 500 322 569 si
345 504 373 568 δ’
395 493 490 590 ἦσθα
512 497 693 581 ἀθάνατος,
717 504 790 580 nce
811 501 847 568 ἐν
868 505 1008 590 θνητοῖς
1031 525 1068 569 oe
1091 499 1314 588 ἇριθμοῦσινς

363 597 403 669 οὗ
423 602 471 685 μὰ
495 602 532 670 σὲ
554 607 644 668 ταῦτ’
668 604 774 691 ἐχρῆν,
800 603 897 686 σεμνὲ
920 599 1056 690 ποιητά,
1079 609 1225 691 φρονεῖν·

293 700 365 770 ἀλλ’
388 700 490 789 ἔγνων
510 702 549 769 τὸ
573 699 710 792 ἀληθές,
735 704 809 771 ἐπεὶ
831 705 870 771 τὸ
891 704 999 789 σαφὲς
1021 701 1208 791 διαφεύγει·

365 797 550 892 ἄνθρωπόν
573 827 686 890 φασιν,
713 805 789 871 cett
811 829 848 872 οε
863 801 1002 893 Ὅμηρε,
1026 805 1151 874 πέλειν.

208 943 338 1004 Litterae
358 943 507 1021 vulgares3
532 959 556 1000 11
577 943 692 1002 saeculo
712 963 770 1002 non
790 945 936 1020 antiquior
954 944 1114 1022 inscriptio,
1134 946 1159 1004 si
1179 946 1297 1022 quidem
1316 948 1347 1006 in

130 1039 283 1098 Menandri
303 1038 389 1097 titulo
411 1041 452 1112 (v.
467 1038 551 1114 seq.),
572 1038 621 1114 qui
643 1047 673 1095 ut
693 1039 793 1097 eodem
814 1038 878 1097 loco
896 1039 1009 1116 positus
1028 1039 1070 1098 ita
1090 1040 1191 1099 eodem
1217 1046 1348 1119 tempore
1398 1072 1399 1075 ¹

131 1133 169 1192 ab
189 1133 291 1192 eodem
309 1145 397 1210 poeta
416 1133 544 1210 scriptus
563 1140 593 1190 et
613 1133 650 1190 ab
671 1134 775 1193 eodem
796 1133 943 1210 lapidario
963 1133 1093 1211 sculptus
1112 1141 1166 1208 est,
1186 1136 1287 1194 dativo
1301 1131 1347 1216 ῲί·

130 1227 170 1307 λῳ
186 1228 226 1303 (v.
244 1229 285 1304 1.)
306 1228 366 1286 iota
386 1246 445 1286 non
465 1225 594 1286 additum
615 1237 666 1287 est.
698 1228 853 1286 Aelianum
873 1218 930 1308 περὶ
951 1215 1026 1296 (cicc
1046 1226 1217 1304 scriptorem
1239 1239 1347 1289 utrum·

130 1339 186 1398 que
206 1321 309 1382 iecisse
329 1323 510 1400 epigramma
530 1340 630 1381 omnes
650 1321 710 1381 fere
730 1322 926 1395 crediderunt,
952 1340 1076 1398 quorum
1100 1339 1170 1382 sane
1194 1324 1248 1383 hoc
1268 1324 1348 1383 lavet

130 1416 269 1493 opinioni,
290 1416 368 1493 quod
390 1435 492 1475 versus
512 1416 677 1493 pedestrem
699 1416 793 1494 magis
814 1435 902 1492 quam
922 1416 1068 1492 poeticum
1088 1435 1250 1476 sermonem
1273 1418 1347 1477 resi·

129 1511 222 1588 piunt.
263 1511 421 1570 Aelianum
442 1517 550 1582 tamen,
571 1510 620 1586 qui
641 1510 671 1568 in
693 1509 886 1570 bibliothecae
907 1529 976 1570 suae
995 1509 1139 1570 vestibulo
1158 1511 1272 1571 hermas
1293 1531 1346 1589 po-

129 1606 196 1676 suit,
222 1606 343 1664 eundem
368 1607 497 1665 carmina
516 1604 620 1664 fecisse
647 1604 750 1664 docent
774 1605 855 1663 tituli
879 1605 997 1665 alterius
1017 1625 1062 1664 vv.
1078 1607 1170 1680 9sqq.
1211 1604 1346 1664 Ceterum

129 1719 167 1757 ex
187 1699 300 1759 schedis
320 1701 463 1758 vaticanis
483 1697 597 1776 Ligorii
616 1699 749 1758 notitiam
775 1701 921 1778 protraxit
941 1698 1078 1758 Welcker
1099 1700 1174 1758 Mna.
1195 1701 1249 1758 Rb.
1273 1702 1346 1759 1845

128 1793 172 1851 III
187 1794 254 1868 466,
276 1792 427 1853 Menandri
442 1813 500 1852 una
520 1811 583 1852 cum
598 1793 721 1852 Homeri
740 1793 870 1853 hermam
890 1801 1037 1871 repertum
1051 1813 1114 1852 esse
1128 1794 1158 1851 in
1171 1793 1247 1860 villa¹
1257 1793 1353 1854 Clau·¹

129 1887 171 1946 dii
191 1885 341 1946 Valeriani
367 1888 481 1947 Aeliani
507 1887 705 1961 Praenestini,
732 1894 802 1947 tunc
824 1888 922 1947 Cocalo
946 1890 976 1945 di
1007 1885 1160 1946 Valeriano
1184 1889 1346 1962 nominata3

129 2000 203 2057 qnae
223 2001 281 2058 qua
305 1982 362 2042 fide
383 1983 473 2059 digna
493 1982 551 2042 sint
572 1983 677 2041 nescio.
702 2016 739 2026 -
760 1980 889 2039 Primum
910 1983 1089 2060 epigramma
1107 1982 1207 2058 paucis
1227 1983 1346 2041 mutatis

129 2075 279 2152 Antipatri
301 2076 413 2136 Sidonii
439 2083 485 2135 est
504 2078 540 2137 A.
562 2076 595 2137 P.
616 2076 671 2136 VH
692 2078 719 2137 6.
739 2109 777 2120 -
800 2078 814 2134 1
837 2067 970 2156 μακάρων
990 2071 1023 2134 tt
1040 2077 1139 2137 codex.
1155 2110 1194 2120 -
1210 2066 1344 2135 s‘nttt-

128 2193 177 2228 νων
197 2169 279 2251 βιοτᾷ
298 2171 404 2236 codex,
430 2170 476 2229 cui
503 2172 581 2246 quod
603 2172 743 2230 Aelianus
764 2157 844 2244 δέξης
865 2170 1015 2228 substituit
1034 2189 1099 2228 oum
1123 2171 1262 2229 obscurus
1282 2171 1345 2229 lieri

127 2275 274 2323 vereretur
300 2265 416 2343 ineptus
444 2265 540 2324 sactus
565 2272 618 2323 est.
659 2266 764 2324 Melius
790 2271 877 2341 poeta
903 2281 934 2322 1v
960 2263 1068 2322 saeculi
1094 2281 1183 2340 supra
1207 2283 1233 2321 n.
1249 2263 1345 2339 9066

126 2353 206 2433 ’γαίης
222 2353 372 2439 Ἰλλυρίδος
393 2345 516 2436 ὃεῦτερον
536 2356 628 2433 ἠέλιον.
652 2393 690 2403 -
712 2363 727 2417 3
749 2361 870 2418 Μουσῶν
890 2359 990 2432 codex,
1011 2359 1090 2435 quod
1110 2379 1146 2417 ex
1166 2357 1263 2435 lapide
1283 2377 1345 2415 cor-

128 2453 286 2531 rigendum.
298 2487 336 2498 —
351 2439 488 2532 ἀγήρατον
508 2453 599 2511 codex
621 2465 648 2512 et
668 2453 755 2530 lapis,
775 2459 912 2529 certaque
932 2454 1043 2513 ratione
1063 2453 1118 2512 hoc
1138 2463 1166 2511 et
1186 2453 1344 2530 Antipatro

127 2556 157 2606 et
176 2549 242 2607 aliis
261 2547 361 2606 multis
382 2548 476 2625 poetis
498 2549 708 2607 restituendum
728 2557 779 2622 est,
807 2548 843 2607 cf.
863 2548 909 2607 ad.
932 2568 959 2604 n.
975 2549 1041 2623 547,
1056 2549 1082 2606 3.
1103 2580 1142 2591 —
1163 2547 1344 2623 4Antipatri

128 2662 228 2701 versus
250 2633 358 2718 παντός,
379 2635 528 2722 οἱλιρροθῖα,
550 2641 625 2717 ξεῖνε,
646 2641 762 2703 κέκευθε
782 2632 849 2710 ου’νις
868 2662 906 2700 ex
924 2661 1020 2701 rerum
1034 2643 1202 2701 necessitate
1215 2647 1344 2700 mutatus

127 2746 180 2810 eet,
201 2743 231 2795 et
251 2737 323 2795 satis
344 2737 460 2812 quidem
483 2736 573 2808 male3
593 2737 693 2814 paullo
712 2737 817 2796 melius
837 2737 1002 2813 scripsisset
1021 2734 1084 2818 δρᾷς
1097 2727 1197 2794 τούτου
1217 2732 1344 2794 delictor

128 2829 289 2911 ἀρχέτυπον,
310 2832 344 2892 cs.
372 2833 408 2889 A.
429 2829 491 2889 Pal.
514 2830 590 2888 XVI
611 2831 668 2905 (ed.
690 2829 771 2906 Par.)
794 2833 844 2888 151
869 2827 1021 2910 ἀρχέτυπον
1041 2826 1139 2897 Διδοῦς
1160 2825 1301 2908 ἐρικυδέος,
1321 2821 1347 2888 ci

128 2923 193 3001 ξένε,
215 2913 342 2995 >cosroen
363 2912 459 2984 siao'va.
483 2961 515 2969 -
539 2923 557 2983 5
578 2924 740 2984 Homerum
760 2927 1016 3005 grammaticorum
1037 2925 1274 2984 altercationibus
1294 2925 1343 2983 ds-

128 3019 282 3096 fatigatum
297 3020 421 3096 patriam
436 3027 590 3096 ortumque
602 3019 729 3080 indicare
741 3028 922 3081 recusantem
936 3020 1021 3079 multi
1035 3021 1189 3086 tinxerunt,
1209 3018 1244 3078 cl.
1261 3019 1295 3079 A.
1311 3017 1343 3080 Ρ.

127 3113 203 3174 XVI
223 3115 280 3191 (ed
304 3114 387 3189 Par.)
408 3112 475 3186 299,
496 3113 651 3190 pluresque
671 3115 772 3174 eadem
792 3115 986 3174 serenatione
1011 3132 1070 3191 qua
1089 3111 1230 3172 Aelianus
1256 3131 1343 3188 quae·

128 3211 250 3268 ationem
272 3208 433 3282 solvebant,
454 3207 490 3266 cl.
511 3206 578 3266 ibid.
601 3207 657 3268 295
678 3207 707 3267 od
729 3198 783 3290 γὰρ
805 3205 857 3288 ἕῲυ
878 3199 975 3288 χθονδς
989 3204 1071 3286 ἔργον·
1086 3205 1134 3266 ἀπ’
1146 3203 1253 3288 αἰθέρος
1268 3201 1347 3268 ἄλλα

128 3304 275 3362 {Moriens
295 3301 421 3380 πέμψαν,
440 3295 471 3359 ‘lv'
491 3296 609 3379 ἡμερίονς
631 3299 706 3383 diripe
726 3293 834 3377 nodarat*
856 3301 932 3382 φέροι
953 3310 982 3361 et
1003 3301 1059 3361 296
1082 3291 1174 3380 ncc‘rpc
1201 3324 1241 3362 σοι
1266 3302 1344 3362 τελέ-

128 3397 171 3457 6ει
191 3396 282 3476 μέγας
302 3384 420 3475 ούρανὸς,
441 3395 472 3453 ἐκ
493 3391 521 3453 dl
540 3386 677 3464 veneticae
698 3393 727 3454 οὐ
750 3397 867 3469 θνατοῖς,
892 3387 998 3476 ματρὸς
1024 3391 1049 3454 d'
1075 3392 1153 3456 ἔπλεο
1173 3387 1342 3466 Καλλιᾶπας.

128 3525 165 3536 -
187 3492 281 3567 dsqq.
301 3489 337 3548 cl.
358 3491 394 3546 A.
416 3487 448 3550 P.
470 3489 541 3548 XVI
561 3491 618 3564 (ed
639 3488 720 3565 Par.)
742 3490 795 3548 301
819 3487 841 3549 εἰ
860 3481 923 3559 θεός
944 3489 1015 3549 ἔστιν
1029 3479 1165 3569 Ὅμηρος,
1187 3491 1212 3548 ἐν
1237 3482 1343 3551 ἀθανα-

127 3607 196 3645 τοισι
218 3579 405 3664 capitolinas
425 3577 450 3641 6⁹
472 3575 511 3641 αὖ
529 3573 568 3662 μὴ
590 3571 651 3651 θεο’ς
672 3581 745 3656 ἔστι,
773 3582 926 3662 νομιζέσθω
952 3575 1014 3653 licie
1040 3581 1110 3644 rivas.
1131 3619 1169 3628 -
1192 3584 1225 3642 12
1248 3581 1277 3643 od
1301 3575 1343 3654 μοὶ

129 3679 164 3739 σέ
181 3679 350 3757 peripsum
371 3677 532 3735 Homerum
552 3678 652 3736 iurans
672 3676 757 3735 deum
778 3695 843 3737 esse
862 3679 1063 3756 significat—
1082 3681 1117 3737 14
1130 3681 1262 3738 bominem
1282 3683 1343 3756 qui·

129 3776 190 3832 dem
211 3783 235 3832 te
249 3774 429 3850 praedicant,
450 3779 482 3828 ot
501 3771 634 3845 divinam,
656 3789 743 3848 quam
763 3773 938 3832 sententiam
958 3782 1045 3850 poeta
1058 3791 1116 3831 uon
1130 3780 1271 3849 apertam,
1292 3775 1343 3833 sed

128 3887 228 3928 veram
239 3867 283 3925 ait
294 3885 365 3939 esse,
381 3875 528 3942 tamquam
538 3885 576 3924 ex
585 3864 693 3924 oraculi
704 3866 832 3924 tenebris
845 3867 1028 3942 extricatam,
1039 3867 1075 3926 cf.
1086 3868 1124 3927 A.
1135 3866 1171 3928 P.
1185 3868 1204 3926 l,
1215 3887 1237 3929 c.
1252 3888 1273 3928 s.
1285 3868 1349 3929 296*

129 3959 150 4019 εἶ
171 3956 203 4019 δέ
220 3984 257 4038 με
278 3955 381 4038 Φοίβου
401 3947 452 4040 xil
473 3957 551 4034 λέξαι
571 3948 681 4028 scarie
702 3949 827 4038 οἰμῲαὸοὶ
847 3951 1154 4039 panonicos-adme
1175 3982 1216 4022 σοι
1235 3963 1343 4025 τελέθει

127 4053 220 4135 μέγας
241 4047 348 4135 οὐρανός
361 4053 433 4115 κτλ’.
