3156 5032
517 389 538 446 Ι.
564 391 672 448 tarmlui
689 391 809 448 aadifiola
822 395 911 451 tauma
928 400 1034 466 poutaa.

248 552 337 674 μηδέ
359 577 411 633 τις
434 549 641 642 ἡμερίδων”
622 583 741 648 ορχους
765 554 784 648 ip
777 554 891 651 ἒ[π]’
915 555 1021 632 όιλσεα
1042 562 1207 654 δενδρέων

248 648 270 743 ἢ
294 658 397 744 ποίην
417 659 503 746 χιλῷ
526 652 660 727 εὐαλδέι
681 660 794 748 χλωρὰ
816 664 966 731 θέουσαν

249 753 363 846 δμονίην
385 759 528 825 κυανέου
541 751 658 839 Αιδος
679 760 797 882 πηξειε
817 760 996 846 μάκελλαν,

161 858 202 924 85
247 859 338 978 ση”μα
361 860 434 926 νέον
441 860 579 986 τεύχων
598 855 639 951 ἠδ
660 859 826 952 πρότερον
848 864 1020 949 κεραίζονν.

246 980 286 1022 ου
310 955 451 1043 θέμις’
432 963 522 1049 αμφὶ
544 963 678 1030 νέκυσσι
698 963 815 1047 βαλεῖν
836 960 999 1052 ίρόχθονα
1021 967 1142 1050 βῶλον,

246 1056 376 1147 πλην“
356 1085 375 1125 ο
398 1085 454 1127 κεν
475 1054 660 1146 αίματος’
642 1086 711 1151 ηισι
736 1063 792 1130 καὶ
814 1059 980 1152 ἔκχ[ο]νος
1001 1063 1228 1159 ἓσσαμίνο[ιο·

246 1160 369 1240 κείνοις
391 1163 482 1228 δ’
442 1157 503 1229 oia
526 1157 723 1247 ἀθέμιστον·
746 1163 822 1232 ε’πεὶ
843 1164 1008 1256 τιμάορος
1028 1166 1164 1258 εῗστονρ·

246 1263 302 1327 καί
325 1261 388 1352 γὰρ
405 1257 573 1354 Ἀθηναίη
598 1268 703 1354 [ποτ’]
723 1260 931 1353 Ἐριχθόνιον
951 1270 1100 1358 βασιλῆα

160 1363 202 1430 90
245 1366 325 1484 νηοῖο
348 1358 552 1453 ἐνκατέθηκε
575 1361 787 1432 artemio*
759 1389 905 1489 ρμμεναι
927 1364 1018 1456 iptio.

244 1459 274 1530 si
298 1466 335 1531 δέ
356 1489 417 1530 τιοι
438 1457 565 1534 όικλυτα
585 1471 691 1534 ταῦτα
715 1467 772 1534 καί
794 1462 855 1534 οὒκ
877 1467 1091 1537 ἐπιπείσεται
1113 1466 1255 1564 αυτοῖ[ς,

245 1559 360 1629 ἀλλ”
341 1566 556 1688 αποτιμήσρι,
579 1565 627 1657 μη’
650 1566 683 1633 oi
706 1567 820 1658 νήτιτα
843 1568 988 1656 γένηται,

249 1662 337 1732 ἀλλά
357 1691 415 1751 μιν
436 1660 640 1790 ἀπρόιρρπος
662 1668 809 1752 Νέμεσις
830 1669 887 1734 καὶ
910 1664 1037 1788 ῥόμβος
1058 1667 1215 1762 ἀλάστωρ

245 1769 404 1854 τίσονται,
429 1769 587 1858 στυγερὴν
610 1769 647 1836 δὲ
669 1765 861 1858 κυλινδησει
883 1765 1063 1858 κακότητα·

159 1872 200 1939 95
246 1865 325 1936 utut
348 1870 410 1958 yoip
432 1864 581 1956 ἴφθιμον
605 1869 762 1958 Τριόπου
782 1869 882 1953 μένος
902 1867 1076 1938 Αἰολίδαο

245 1965 362 2048 τόκα-θ’,
387 1966 442 2036 ότε
464 1971 553 2038 νειίνν
574 1967 774 2060 Δημήτερος
795 1967 1012 2050 ἐξαλάπαξεν.

241 2075 303 2137 τῶι
325 2061 401 2162 ἦτοι
424 2070 544 2159 ποιοίην
565 2074 621 2137 καὶ
645 2069 835 2160 ἐπωνυμίην
857 2067 1028 2138 ἀλέασθαι

241 2170 360 2259 χώρου,
383 2169 505 2261 μήτοι
528 2170 651 2262 ἕπηται
672 2169 730 2240 ἔπι
756 2165 968 2260 Ί’[ρ]ιόποιος
986 2168 1120 2262 Ἐρινύς.

236 2294 370 2353 Herodes
397 2295 514 2356 Atticus
538 2294 742 2354 Marathonius
763 2294 880 2352 Anniae
904 2293 1038 2370 Regillae
1061 2296 1162 2356 uxoria
1185 2305 1318 2360 mortuae
1346 2321 1373 2362 a.

159 2389 221 2449 sere
244 2391 295 2448 161
318 2391 486 2450 memoriam
507 2389 646 2468 singulari
665 2389 773 2465 pietate
791 2394 964 2467 prosecutus
983 2397 1028 2448 est
1048 2407 1111 2448 aum
1132 2391 1163 2448 iu
1182 2393 1249 2470 ipsa
1266 2396 1374 2471 patria,

158 2485 207 2543 ubi
222 2484 339 2563 sepulta
358 2494 402 2543 est
416 2483 465 2560 (Ο.
479 2483 503 2543 Ι.
524 2483 624 2560 6185),
645 2492 706 2540 tum
725 2481 836 2542 Romae
846 2483 982 2544 ,maxime
1001 2483 1030 2540 iu
1045 2485 1124 2559 urbe,
1144 2486 1194 2545 ubi
1208 2488 1245 2546 ad
1259 2489 1373 2547 tertium

157 2578 284 2657 lapidem
309 2579 374 2637 viae
399 2578 517 2656 Appiae
536 2575 583 2652 (0.
605 2576 627 2637 Ι.
648 2575 698 2654 26)
725 2575 881 2654 Triopeum
904 2575 1054 2636 coustituit
1077 2597 1190 2638 mmum
1216 2580 1249 2641 id
1274 2580 1372 2642 Cereri

158 2671 410 2750 Proserpinaeque
430 2689 465 2730 aa
488 2670 552 2730 deis
577 2669 692 2741 inleris3
721 2669 751 2727 in
775 2670 877 2729 eodan
901 2683 1000 2730 autam
1024 2673 1148 2733 oirouitu
1174 2683 1204 2733 et
1222 2674 1372 2735 Minervae

157 2765 347 2844 Nemasique,
373 2765 471 2825 atticis
497 2764 619 2837 deabus,
642 2775 671 2822 et
692 2761 792 2822 Cereri
811 2763 1028 2842 Faustinaeque
1054 2763 1113 2848 (νίρ
1137 2756 1277 2850 Δήμητρι)
1302 2768 1372 2829 sana

158 2861 339 2920 consecravit
358 2878 515 2936 eorumque
535 2858 565 2916 in
586 2857 679 2916 altero
698 2856 831 2934 Regillae
850 2857 970 2917 heroum
994 2866 1179 2937 statuamque
1201 2862 1370 2922 oonlooavit.

161 2954 246 3030 Quae
264 2955 448 3032 potissimum
468 2971 515 3011 res
535 2951 574 3011 ad
594 2951 753 3026 Triopeum
774 2951 954 3010 condendum
974 2953 1143 3029 perduxerit
1161 2954 1310 3014 Herodem
1329 2957 1372 3015 vi·

159 3048 244 3107 detur
264 3045 407 3108 Chishulli
430 3047 593 3107 oouieotura
611 3045 771 3123 explieare,
798 3045 848 3122 qui
867 3045 1014 3105 Herodem
1039 3066 1058 3105 a
1078 3047 1235 3126 Theogene
1253 3047 1370 3124 Ouidio,

158 3162 217 3220 quo
235 3149 425 3220 praeoeptore
444 3160 514 3200 usus
534 3147 611 3214 erat,
631 3139 818 3216 Triopiorum
838 3158 1002 3215 sacrorum,
1028 3159 1103 3216 quae
1127 3141 1157 3200 in
1178 3141 1284 3202 Ouidio
1302 3162 1370 3220 pro-

158 3236 309 3296 munturio
328 3236 505 3318 colebantur,
530 3234 638 3294 notitia
657 3245 686 3292 et
704 3233 844 3311 religione
856 3231 987 3292 inbutum
1008 3233 1060 3293 illa
1078 3253 1132 3294 suo
1151 3235 1285 3294 instituto
1298 3237 1371 3296 eele-

158 3330 244 3389 brare
270 3329 396 3388 voluisse
421 3329 584 3408 suspioatua
611 3337 662 3388 est.
706 3327 828 3386 Acoadit
850 3326 927 3403 quod
948 3325 1060 3387 Herodi
1084 3329 1205 3406 eiusque
1228 3329 1371 3390 similibus

157 3423 369 3483 obsoletissima
389 3441 520 3500 quaeque
538 3423 667 3482 maxime
686 3421 851 3500 placebant,
870 3419 906 3479 os.
927 3421 964 3479 ad
985 3441 1011 3480 v.
1026 3421 1071 3481 64.
1102 3421 1237 3482 Ceterum
1256 3423 1286 3481 in
1305 3425 1370 3502 ipso

157 3517 279 3595 Triopei
293 3517 374 3576 aditu
387 3515 514 3576 celebres
528 3515 596 3575 illae
608 3515 758 3575 oolnmuae
771 3516 884 3593 positae
897 3514 1022 3587 fuerunt,
1042 3515 1178 3594 autiquae
1190 3515 1370 3577 litteraturae

157 3610 266 3670 attieaa
285 3611 446 3669 imitatione
464 3608 648 3689 insigueac.
669 3610 692 3669 l
708 3609 754 3683 26,
774 3609 876 3668 eodem
895 3607 981 3666 titulo
1001 3617 1123 3685 utraque
1143 3608 1283 3687 inseripta
1301 3613 1370 3673 hooe

157 3697 247 3763 καὶ
224 3728 247 3765 οι
265 3697 347 3773 κίονος
359 3695 506 3784 Δήμητρος
525 3694 573 3762 καὶ
591 3690 678 3783 Κόρης
698 3691 832 3782 όνοίθημιι
852 3693 899 3760 καὶ
922 3694 1036 3781 χθονίων
1055 3702 1135 3763 θεαῖν·
1155 3694 1203 3762 καί
1223 3695 1308 3763 οὐδενί
1321 3703 1369 3765 tt·

157 3819 246 3912 μονον
255 3800 435 3910 μιτακινῆσομ
453 3795 486 3856 ix
504 3817 553 3856 του
541 3799 608 3874 Tp
610 3789 702 3870 νοτίου,
722 3784 767 3855 δ’
755 3817 827 3856 εστιν
839 3787 882 3854 ἐπὶ
893 3797 945 3855 τοῦ
957 3786 1048 3904 τρίτου
1062 3793 1089 3854 ἒν
1101 3817 1133 3888 τη
1120 3791 1252 3876 itt*
1216 3819 1248 3890 τη
1260 3792 1369 3858 ’Λυσία

158 3889 184 3950 ἒν
203 3894 246 3971 τοῖ
261 3882 423 3972 ‘npetu'
409 3889 496 3969 αχροῖ·
516 3911 546 3948 ου
537 3817 621 3970 ’χδρ
642 3877 719 3949 λαίαν
738 3893 780 3970 τοῖ
799 3879 942 3963 assisam·
961 3881 1070 3969 μόρους
1091 3867 1198 3966 δοίίμων
1213 3869 1331 3953 Ἰλνοδία.

237 3983 304 4042 Duo
322 3994 390 4043 suut
409 4003 484 4062 quae
504 4003 593 4061 supra
612 3983 715 4061 scripsi
735 3983 879 4056 earmina,
904 4000 1029 4059 quorum
1048 3981 1171 4041 alterum
1191 3983 1230 4042 ad
1249 3984 1370 4044 heroum

158 4085 342 4155 statuamque
360 4078 509 4156 Regillae,
535 4077 657 4136 alterum
677 4078 715 4136 ad
736 4077 883 4136 Minervae
902 4075 1095 4153 Nemesisque
1113 4077 1212 4135 lanum
1233 4079 1369 4155 pertinet,

157 4189 341 4231 numerorum
361 4182 423 4230 arte
443 4173 514 4230 satis
534 4172 672 4231 adcurate
689 4171 795 4230 iactum
809 4181 964 4247 utrumque
977 4170 1027 4247 (ol.
1042 4170 1143 4228 Herm.
1161 4170 1247 4248 Οιρλ
1262 4191 1291 4248 ρ.
1304 4174 1368 4234 711.

159 4264 224 4324 738.
239 4263 320 4341 ⁷82),
339 4264 452 4324 dicendi
471 4284 575 4342 genere
595 4283 684 4341 saepe
698 4265 779 4324 doute
792 4265 924 4334 obscuro,
946 4265 1097 4322 verborum
1112 4264 1248 4342 ampullis
1263 4267 1369 4343 ubique

157 4358 292 4433 molesto,
311 4359 516 4418 sententiarum
537 4359 675 4418 tenuitate
688 4359 808 4418 minime
821 4358 917 4436 digno.
946 4356 1088 4436 Longiori
1106 4359 1226 4418 wmiui
1240 4359 1370 4418 limoelli

1115 4452 1168 4508 ω.
