3142 5062
237 406 299 454 vm
772 385 905 456 praelatio.

236 557 341 616 iudicis
361 564 406 614 est
429 555 458 612 in
484 554 526 612 eis
546 553 617 612 solis
643 553 816 630 indagandis
840 565 890 614 aut
921 561 1034 632 tempus
1066 566 1156 616 terere
1183 567 1233 616 aut
1257 562 1464 624 eruditionem

237 665 392 717 ostentare.

318 761 456 836 Superest
475 759 558 834 longe
580 757 783 817 difficillimum
805 758 978 818 emendandi
1000 760 1213 837 adnotandique
1227 783 1343 825 munus.
1373 767 1466 828 Duae

237 873 333 923 autem
354 871 421 920 sunt
441 859 639 918 adnotationis
658 865 767 936 partes,
788 861 879 918 altera
899 881 974 937 quae
994 862 1138 920 antecedit
1156 864 1252 940 ipsum
1272 868 1467 944 epigramma

237 968 330 1025 locum
352 965 399 1022 ubi
420 968 569 1038 repertum
589 962 629 1019 sit
647 961 830 1038 editoresque
850 961 980 1022 indicans
994 986 1000 1020 :
1013 964 1060 1023 ubi
1081 965 1198 1023 minime
1218 969 1349 1028 omnium
1372 975 1465 1047 posui

236 1069 379 1128 editorum
401 1064 521 1122 nomina
541 1063 592 1121 sed
613 1081 714 1121 eorum
734 1065 784 1139 qui
803 1063 850 1122 vel
867 1063 976 1140 optime
995 1066 1147 1125 ediderunt
1159 1068 1205 1126 rel
1218 1070 1406 1146 plenissime,
1431 1087 1466 1133 ut

236 1171 402 1247 Corporum
422 1167 556 1237 editores,
585 1165 748 1242 superiores
770 1165 910 1223 editiones
930 1176 1185 1241 enumeravenmt3
1222 1191 1299 1248 quae
1319 1173 1387 1248 ipse
1408 1176 1465 1234 de-

237 1273 414 1347 scripseram
435 1268 573 1326 usterisco
595 1267 722 1324 numeris
742 1269 871 1344 praefixo
892 1268 993 1326 notavi
1014 1303 1051 1312 -
1071 1271 1162 1330 altera
1182 1291 1257 1347 quae
1281 1283 1327 1330 est
1353 1276 1466 1338 critica

236 1384 267 1435 et
293 1369 542 1448 interpretatoria.
584 1367 674 1426 Cuius
702 1370 796 1443 primo
823 1370 887 1428 loeo
914 1369 1032 1444 saepius
1058 1371 1185 1430 indicavi
1214 1375 1323 1434 saecrdi
1353 1389 1465 1440 notam

237 1478 410 1554 plerumque
436 1489 472 1528 ex
498 1469 612 1528 indiciis
638 1469 848 1548 epigraphicis,
872 1472 1019 1530 interdum
1044 1492 1080 1530 ex
1105 1473 1201 1532 indole
1231 1477 1464 1554 epigrammatis

236 1576 400 1652 repetitam.
423 1572 489 1644 Qua
509 1572 539 1628 in
559 1590 590 1628 re
610 1571 680 1646 quin
701 1588 788 1647 saepe
808 1573 965 1632 erraverim
985 1592 1043 1632 non
1062 1573 1171 1648 dubito,
1192 1595 1286 1653 neque
1300 1580 1465 1644 mirabitur

238 1679 288 1755 qui
310 1681 422 1753 quanta
441 1674 552 1732 incuria
571 1682 685 1748 praeter
706 1673 810 1732 atticos
831 1675 929 1735 titulos
949 1676 1086 1752 pleraque
1110 1697 1147 1734 ex
1166 1677 1311 1755 lapidibus
1330 1684 1465 1747 describi

240 1780 354 1838 soleant
374 1776 486 1834 noverit
507 1775 614 1851 quique
635 1793 723 1850 quam
743 1775 836 1850 fallax
856 1778 894 1835 sit
913 1795 982 1836 usus
1002 1779 1171 1855 auriumque
1191 1781 1330 1842 iudicium
1351 1806 1465 1864 exper-

237 1893 285 1940 tus
313 1880 376 1938 erit
424 1877 502 1935 Tum
529 1877 638 1935 variam
665 1877 818 1936 lectionem
845 1880 986 1953 adstruxi,
1017 1900 1053 1938 ne
1078 1880 1152 1940 bane
1176 1883 1294 1958 quidem
1320 1888 1461 1963 plenam:

238 1982 362 2041 meliora
381 1979 457 2038 enim
479 1980 527 2038 ubi
549 1983 667 2055 praesto
688 1990 769 2036 erant
790 1981 960 2057 apographa
980 1982 1176 2042 deteriorant
1200 2002 1255 2060 par
1283 1997 1330 2048 est
1353 1993 1465 2068 abieci,

238 2085 288 2144 ubi
309 2081 488 2142 dubitationi
509 2081 590 2138 locus
611 2080 762 2138 videbatur
783 2081 906 2158 relinqui
927 2083 992 2141 cavi
1012 2103 1048 2141 ne
1068 2085 1137 2161 quid
1157 2086 1329 2149 omitterem.
1365 2093 1468 2154 Inter-

236 2204 388 2264 preaesse
414 2183 512 2242 studui
537 2200 624 2258 quam
651 2182 842 2240 brevissimus
868 2191 896 2242 et
927 2203 1015 2260 quam
1045 2187 1224 2260 rarissimus;
1254 2211 1351 2268 neque
1383 2199 1469 2258 euim

236 2307 314 2366 quae
334 2307 371 2344 ex
393 2287 530 2346 continua
549 2289 791 2362 epigrammatum
818 2285 942 2345 lectione
966 2297 1069 2363 sponte
1098 2289 1280 2365 explicantur
1305 2301 1468 2375 tamquam

238 2393 267 2448 in
289 2390 415 2448 tironum
439 2406 521 2446 usum
543 2405 748 2462 usquequaque
770 2388 877 2461 monui,
898 2389 940 2446 eis
960 2387 1019 2446 lere
1040 2399 1189 2451 contentus
1209 2412 1286 2469 quae
1307 2399 1346 2456 ad
1361 2419 1467 2462 emen-

240 2493 389 2551 dationem
411 2495 483 2566 apta
503 2499 531 2545 et
552 2488 715 2546 necessaria
734 2497 841 2548 essent.
882 2489 948 2547 Hoc
973 2490 1048 2549 enim
1073 2493 1206 2568 inprimis
1231 2498 1389 2560 consilium
1418 2525 1467 2564 se-

237 2602 323 2653 cutus
343 2611 407 2651 sum
430 2601 463 2648 ut
482 2590 724 2667 epigrammatum
745 2592 833 2650 verba
852 2591 1048 2650 emendatiora
1068 2613 1156 2670 quom
1176 2597 1269 2656 adhuc
1289 2600 1469 2678 legebantur

236 2713 440 2776 proponerem,
472 2695 551 2769 quod
581 2693 644 2751 fieri
675 2695 769 2770 potuit
793 2694 839 2750 vel
865 2693 1035 2752 melioribus
1060 2697 1180 2756 adscitis
1206 2704 1387 2779 apographis
1417 2712 1467 2769 vel

235 2799 409 2861 deteriorum
445 2796 502 2855 fide
535 2795 701 2854 adcuratius
726 2796 895 2854 examinata
924 2794 970 2852 vel
1002 2795 1116 2856 selectis
1146 2799 1296 2860 doctorum
1326 2807 1466 2872 virorum

237 2899 499 2962 emendationibus.
539 2897 579 2954 Et
601 2899 654 2956 has
678 2898 796 2974 quidem
821 2896 940 2954 minime
970 2897 1091 2956 adfirmo
1120 2919 1218 2960 omnes
1247 2922 1293 2962 me
1325 2914 1465 2986 cognitas

238 3004 387 3074 habuisse,
409 2999 459 3059 sed
480 2999 559 3075 quod
580 3017 686 3074 paucas
707 2998 867 3057 memoravi
886 2998 952 3056 hinc
972 2999 1061 3058 nolim
1081 3002 1207 3078 reliquas
1233 3025 1279 3064 me
1305 3009 1465 3086 ignorasse

234 3106 412 3180 conligatur;
446 3101 631 3176 praetermisi
655 3100 732 3157 enim
757 3100 902 3176 quidquid
933 3099 1075 3160 inutiliter
1102 3115 1150 3161 aut
1177 3105 1252 3164 salso
1272 3109 1464 3188 disputatum

236 3208 281 3266 vel
302 3206 463 3264 coniectum
484 3201 677 3260 demonstrari
697 3211 820 3278 poterat,
841 3222 878 3259 ne
898 3221 985 3278 supra
1011 3205 1128 3263 modum
1153 3207 1222 3266 libri
1249 3212 1341 3272 moles
1367 3235 1462 3297 auge-

235 3315 316 3367 retur
336 3326 409 3364 neve
430 3302 733 3379 vituperandiessent
753 3322 826 3380 quos
847 3313 897 3362 aut
917 3303 1037 3362 laudare
1056 3307 1174 3365 mallem
1194 3319 1245 3368 aut
1257 3332 1295 3370 ue
1309 3317 1463 3395 vituperio

235 3411 352 3488 quidem
385 3408 491 3484 dignos
521 3414 664 3480 putarem.
704 3405 823 3464 Praeter
842 3405 1020 3500 Boeckhipm
1051 3417 1080 3464 et
1099 3407 1317 3475 Kirehholfium
1348 3424 1462 3496 quibus

235 3512 371 3590 equidem
393 3507 547 3568 laudandis
568 3525 625 3564 non
647 3527 701 3586 par
715 3527 779 3568 sum
793 3509 952 3567 felicissimi
965 3509 1203 3586 epigrammatum
1220 3516 1352 3580 vindices
1367 3535 1462 3604 atque

237 3615 441 3675 emendatores
462 3610 620 3668 extiterunt
641 3611 805 3670 Friderious
823 3611 930 3670 Jacobs
951 3615 981 3669 et
1000 3610 1183 3672 Godoiredus
1194 3615 1356 3697 Hermann,
1378 3627 1461 3690 alter

234 3719 335 3776 horum
348 3715 509 3774 studiorum
523 3714 642 3772 omnino
655 3713 799 3789 princeps,
809 3714 883 3772 alter
897 3714 949 3773 hoc
959 3714 1144 3789 potissimum
1155 3719 1271 3779 nomine
1282 3727 1460 3798 praeclarus

235 3821 315 3896 quod
336 3817 393 3877 etsi
413 3837 471 3875 non
493 3817 599 3893 ubique
620 3834 719 3874 verum
740 3816 879 3892 reperiret
904 3816 1010 3892 ubique
1035 3823 1133 3877 tamen
1154 3819 1191 3876 ad
1217 3840 1317 3882 verum
1343 3835 1460 3906 reperi.

233 3923 338 3980 endum
359 3905 435 3978 viam
456 3930 640 3979 monstraret.
674 3919 820 3976 Privatim
839 3925 956 3995 praeter
976 3937 1027 3978 vos
1048 3920 1138 3995 ipsos,
1155 3921 1325 3985 Hermanne
1339 3928 1460 3995 Vsener

232 4033 262 4081 et
282 4023 437 4082 Francisce
458 4021 625 4095 Buecheler,
647 4022 698 4097 qui
722 4021 854 4078 haerenti
880 4019 951 4078 mihi
977 4040 1124 4098 nunquam
1154 4026 1295 4086 auxilium
1326 4031 1459 4114 denega-

233 4126 332 4196 vistis,
368 4143 454 4182 unum
488 4134 608 4182 nanctus
643 4143 708 4184 sum
741 4123 839 4199 operis
872 4132 1022 4197 tamquam
1059 4126 1169 4185 socium
1204 4127 1380 4192 Vdalricum
1419 4140 1459 4200 de

234 4226 438 4298 Wilaruowitz,
459 4227 508 4302 qui
531 4235 559 4284 et
580 4223 797 4304 interpretando
818 4229 848 4288 et
862 4223 1040 4285 emendando
1060 4227 1129 4304 quid
1150 4231 1279 4304 potuerit
1301 4245 1459 4316 praestare
