3142 5062
218 415 260 480 24
634 413 833 482 Epigrammata
852 410 1017 480 sepulcralia.

218 581 274 641 70.
315 582 542 656 enumquam
561 581 696 640 Palladis
715 581 811 639 oedem
832 578 983 656 Cyriacus.
1022 576 1055 637 0.
1076 577 1100 636 Ι.
1122 577 1188 638 747.

464 701 640 783 Πόλυλλος
661 701 878 770 Πολσλλίδοο
901 695 1095 778 Παιανιεύς.

352 803 472 874 Εἱιιόνα
494 800 583 890 τήνδ’
597 798 743 891 ἀνέθηκε
765 801 1007 890 Πολύστρατος
1029 796 1133 868 αὑτοῦ
1155 795 1315 889 ἀδελφόν,

420 900 633 992 μνημοσύνην
655 908 783 991 θνητοῦ
807 898 962 984 σώματος
983 896 1165 969 ἀθάνατον.

296 1045 413 1104 Boechh
440 1051 528 1121 neget
551 1042 744 1119 sepulcralem
768 1061 833 1101 esse
857 1039 983 1098 titulum.
1023 1041 1064 1097 At
1084 1049 1112 1099 et
1133 1031 1293 1120 μνημοσύνη
1313 1045 1380 1104 cius
1402 1047 1451 1104 di-

220 1141 294 1200 citnr
320 1140 371 1216 qui
395 1147 526 1197 mortuus
551 1142 596 1196 est
619 1147 648 1195 et
667 1137 813 1196 edicctive
832 1125 928 1208 θνητός
948 1139 978 1192 ct
997 1125 1136 1204 τίθιλνιιττς
1156 1134 1232 1195 inter
1252 1155 1284 1196 sc
1304 1141 1452 1216 opposita

219 1234 336 1312 saepius
355 1233 386 1290 in
405 1231 564 1309 epitaphiis
583 1230 775 1306 reperiuntur,
795 1229 832 1288 cf.
854 1227 964 1289 Simon.
985 1247 1030 1304 ep.
1053 1227 1148 1289 1233.

221 1487 269 1550 ll.
310 1487 370 1549 Sub
390 1487 562 1564 hymberto.
603 1485 679 1545 Rose
697 1485 799 1545 Bulla.
821 1486 940 1546 crclrcol.
963 1486 1039 1545 1840
1057 1505 1087 1564 p.
1103 1487 1168 1546 104.

344 1605 485 1679 Ἐνθάδε
509 1612 727 1702 [inchoatio
749 1617 857 1679 κεῖται
881 1612 1041 1678 πολλαῖσι
1064 1610 1227 1691 ποθεινός

417 1712 474 1780 καὶ
497 1708 648 1800 Σάτυρος
669 1712 743 1791 νέας
766 1707 812 1778 ὢν
832 1709 924 1795 ἔσχεν
948 1712 1148 1796 ἐπωνυμίαν.

348 1819 431 1892 παῖς
452 1809 725 1900 δ’Ἡραιιλείδσν,
747 1813 874 1902 μητρὸς
897 1815 934 1881 δὲ
951 1807 1166 1901 Ἀριαστίδος
1188 1815 1261 1882 ἐστι’

417 1915 556 2004 upupis*
577 1915 615 1981 δέ
637 1915 709 1982 ἐστι
722 1909 868 2000 ’Ἔφεσος
890 1909 1084 2002 κλεινοτάτη
1108 1912 1250 1986 πόλεων.

286 2023 306 2084 5
351 2017 523 2103 θρεφθείς
545 2016 620 2083 δ’ἑν
641 2016 741 2098 χθονὶ
761 2018 856 2103 τῆιδε
880 2013 980 2082 θάνεν
1001 2018 1087 2101 μέγα
1110 2020 1207 2103 πῆμα
1231 2021 1387 2110 φίλοισ[ι

417 2123 474 2206 τῆι
495 2143 532 2184 τε
555 2113 751 2204 κασιγνήτην
774 2117 904 2183 πένθεα
927 2116 1071 2182 πλεῖστα
1094 2116 1212 2188 λιπών.

574 2218 756 2308 Αηιαστίς.
803 2220 996 2305 Πυθοκλῆς.

302 2375 334 2417 ιν
358 2376 432 2416 scec.
482 2381 494 2416 c
520 2377 574 2435 pro
599 2380 630 2416 co
655 2357 806 2433 scriptum,
831 2379 843 2415 ε
864 2375 918 2433 pro
940 2379 961 2414 ει
982 2355 1014 2415 in
1034 2357 1156 2438 θρεῲθές
1177 2367 1206 2418 et
1226 2353 1389 2437 κλενττιίτη.
1414 2398 1453 2408 -

229 2451 384 2530 Pythocles
403 2470 477 2529 puer
496 2450 608 2528 Ephesi
629 2461 713 2510 nctus
732 2450 856 2510 Athenis
876 2451 952 2510 ultus
972 2461 1000 2510 et
1019 2452 1158 2513 educatus
1177 2460 1236 2528 est3
1256 2476 1367 2516 nomen
1381 2461 1456 2519 sub-

226 2549 371 2624 scriptum
388 2539 530 2624 Ἀριιιστίς
550 2547 576 2603 si
596 2545 704 2604 sororis
724 2553 778 2618 est,
797 2557 881 2622 peter
899 2553 1059 2622 materque,
1080 2548 1105 2605 si
1125 2549 1237 2623 metris,
1258 2559 1345 2628 puter
1365 2555 1456 2631 prior

224 2641 333 2701 obiisse
352 2641 497 2718 putandus
518 2650 570 2699 est.
612 2641 651 2698 Et
671 2639 785 2700 dicendi
806 2651 834 2697 et
854 2640 995 2698 sentiendi
1015 2661 1105 2718 genus
1123 2643 1256 2702 Atticum
1277 2648 1377 2722 prodit
1397 2669 1456 2726 po-

223 2743 313 2794 etam.
336 2768 371 2778 —
394 2734 508 2794 2Ross
528 2735 695 2794 defrmctum
715 2753 781 2792 cum
801 2754 873 2812 puer
892 2743 968 2792 esset
989 2734 1137 2811 Satyrum,
1157 2749 1261 2813 postes
1273 2740 1456 2818 Pythoclem

223 2830 406 2889 nominatum
427 2830 587 2902 existimet,
609 2829 687 2905 quod
707 2829 878 2905 reprobetur
898 2829 1007 2887 aoristo
1027 2826 1107 2908 ἔσχεν
1127 2851 1154 2887 v.
1168 2831 1196 2889 2.
1227 2832 1373 2894 Vtebatur
1393 2836 1456 2898 Sn-

225 2934 294 3000 tyro
314 2933 507 3000 cognomento
528 2923 624 2982 nescio
638 2941 726 3000 quom
740 2923 777 2980 ob
791 2908 910 2981 causam
924 2924 949 2982 ei
963 2923 1064 2982 indito.
1095 2924 1139 2984 Cl.
1153 2927 1244 2986 Anth.
1258 2930 1337 3007 App.
1352 2931 1399 2989 34.
1412 2965 1456 2978 -

224 3019 243 3076 5
264 3017 395 3076 clausule
415 3017 571 3076 homerica.

224 3296 277 3355 tc.
316 3296 391 3355 Loci
410 3296 523 3356 incerti.
563 3297 596 3354 ln
616 3316 717 3357 moseo
737 3298 844 3359 Athen.
864 3299 956 3359 descr.
977 3298 1100 3360 Cumcn.
1122 3303 1232 3364 33911).

357 3421 559 3510 Φο[ι’ὁιμο]ν
587 3415 854 3509 Ε[ὖ]θυ[γε’]νοι·ς
876 3420 925 3488 ὅδ’
939 3419 1005 3506 ἔχει
1026 3421 1136 3512 τάφος
1158 3421 1417 3518 ἆνφικαλῦψας.

303 3577 335 3617 1v
356 3578 431 3618 seeo.
472 3573 495 3616 0
514 3578 570 3636 pro
590 3575 632 3618 ou
653 3559 804 3638 scriptum.
824 3595 862 3605 -
883 3560 985 3641 Suppl.
1006 3565 1202 3628 Cumanudcs.

228 3839 281 3900 Ἰθ.
321 3839 356 3899 ln
375 3841 490 3901 Piraeo.
532 3839 654 3901 (lumen.
675 3838 760 3898 2961.

348 3959 549 4048 Ἀνθεμίὀσς
570 3964 649 4032 τόδε
673 3968 763 4052 σῆμα
785 3963 910 4032 κύκλοι
931 3975 1155 4054 στεφανοῦσιν
1177 3970 1311 4063 ἑταῖροι

470 4067 649 4153 μνημείων,
672 4059 794 4154 ἀρετῆς
816 4065 935 4134 οὕνεκα
958 4074 1014 4137 καὶ
1038 4072 1166 4158 φιλίας.

304 4203 535 4280 Intellegendum
555 4204 598 4264 sic
619 4204 679 4262 fere
699 4205 826 4264 videtur:
841 4209 928 4281 floreo
949 4218 972 4266 ct
992 4221 1067 4268 certa
1086 4215 1245 4288 inrpommt,
1270 4234 1456 4283 monmnesrc

229 4315 302 4372 ηοαι
321 4301 377 4354 sint
397 4308 425 4355 ct
442 4303 552 4356 virtutis
573 4300 696 4375 &suncti
715 4310 741 4356 ct
759 4305 935 4376 superstitum
954 4307 1101 4366 amicitiae.
1132 4313 1287 4387 στεφανοῦν
1307 4311 1368 4374 roci
1389 4318 1454 4394 (vel

229 4391 268 4472 τι)
288 4413 354 4462 τινος
376 4392 518 4453 recentior
537 4401 581 4456 est
600 4399 760 4468 structure,
780 4393 849 4454 huic
868 4405 965 4456 temen
984 4398 1049 4458 loco
1068 4403 1241 4466 necessarie
