3156 5040
597 391 620 447 l.
645 391 685 446 dis
703 391 797 445 diesin.
1269 393 1331 460 308

112 565 180 626 -2
194 567 225 625 in
240 563 339 642 illiso:
360 563 482 622 alterum
505 561 568 619 iota
582 562 684 620 einare
697 571 818 639 'partem
831 555 969 637 ⁴aliquam
984 563 1122 639 ‘legerunt
1141 562 1192 637 qni
1206 561 1334 639 lapidem

113 665 204 724 oeulis
225 665 418 738 usurparunt3
437 675 549 734 gypsea
568 656 665 734 imago
685 656 741 714 hoo
765 656 827 714 loeo
848 655 941 714 fracta
967 666 1018 715 est.
1042 691 1075 699 —
1098 671 1334 716 torneamento

113 762 208 818 ntclnn
222 757 359 817 adierunt
379 752 514 831 exempla
533 750 602 810 huia
622 750 779 826 singularis
799 749 865 808 usui
885 750 1036 824 firmando,
1057 771 1113 809 non
1136 753 1214 810 omni
1234 759 1332 812 tamen

112 874 149 912 ex
171 859 255 931 parte
275 851 389 909 idonea.
429 848 533 907 Potest
552 863 665 904 errasse
690 845 828 924 lapicida.

585 1425 718 1484 steort!
738 1423 851 1486 ssVlllTl.

114 1603 192 1662 744.
233 1601 398 1681 Olympiae.
440 1603 475 1662 lt.
499 1601 616 1664 Curtius
637 1603 721 1662 Dior.
747 1604 824 1662 arel.
850 1601 922 1660 1876
943 1602 988 1661 lx
1009 1603 1112 1662 deoll.
1133 1604 1193 1661 tab.
1208 1603 1234 1663 6.

269 1727 480 1815 Πραξιτέλης
501 1722 647 1815 ἀνέθηκε
670 1725 878 1813 Συρακόσιος
898 1727 966 1793 τύδ’
989 1722 1124 1815 ἄγαλμα

351 1830 410 1896 καὶ
433 1832 677 1915 Καμαριναῖος·
702 1823 829 1914 πρόσθ’
852 1819 905 1914 dp'
920 1830 1118 1913 .έμαναινεάι

269 1931 409 2016 Κρίαιας
430 1926 503 2008 υἱὸς
524 1925 640 2015 ἔναιεν,
662 1928 696 1996 ἐν
714 1923 892 2014 Rouaditai
914 1929 1138 2019 ιταλιιμήλωῂ,

352 2027 450 2108 ἐσλὸς
472 2027 547 2118 ἐών,
572 2032 630 2096 καί
648 2032 676 2094 s
673 2055 706 2095 αι
723 2033 841 2112 ,μνᾶμα
863 2029 933 2096 τόδ’
957 2027 1023 2099 ἔστ’
1047 2027 1179 2122 ἀρετᾶς.

192 2167 367 2240 Praxiteles,
389 2188 476 2246 quem
495 2169 613 2228 natione
635 2166 777 2228 Arcadem
799 2186 862 2228 esse
882 2189 939 2229 non
954 2181 1029 2230 reete
1044 2173 1193 2232 contendit
1207 2171 1333 2246 Curtius,

114 2283 153 2322 ex
172 2281 272 2322 eorum
294 2282 413 2323 numero
434 2262 502 2336 fult,
528 2262 578 2338 qui
598 2279 615 2320 a
636 2259 926 2323 Gelone'Oamarina
945 2266 1043 2342 patria
1068 2268 1149 2326 exuti
1170 2265 1333 2344 Syracusas

112 2358 198 2416 aedos
220 2358 434 2418 transtulerunt
448 2355 597 2416 annelare
610 2355 677 2414 484.
704 2353 830 2415 ‘Videtur
841 2361 1034 2419 mercenarios
1048 2361 1234 2438 conquirendi
1248 2379 1336 2420 eausa

111 2453 151 2510 ab
174 2457 300 2528 tyranno
319 2452 350 2512 in
370 2451 528 2511 Arcadiam
548 2450 660 2528 legatus
681 2470 712 2509 re
731 2451 804 2509 bene
823 2465 905 2528 gesta
925 2451 1083 2530 Syracusas
1102 2472 1235 2514 reversus
1255 2454 1335 2513 illine

111 2546 267 2604 donarium
286 2545 350 2605 Iovi
371 2546 511 2624 Olympio
531 2545 654 2605 misisse.
696 2543 850 2620 Similiter,
878 2547 902 2605 si
923 2546 1038 2623 quidem
1059 2547 1207 2608 eonneria
1226 2547 1336 2606 similia

112 2646 195 2714 aunt,
227 2639 364 2700 Phormis
392 2640 566 2713 Maenalius,
599 2646 665 2716 post
690 2638 887 2716 Syracusanus
919 2641 1012 2698 faetus
1038 2640 1196 2718 Olympiae
1226 2661 1335 2718 equum

111 2734 228 2807 dicavit,
249 2735 284 2793 ef.
300 2731 391 2795 traua.
410 2734 433 2792 V
455 2735 501 2804 27,
513 2732 540 2791 2.
554 2734 624 2791 -3
646 2729 732 2812 Κρῖνις
752 2733 770 2792 i.
793 2753 816 2793 e.
837 2727 989 2812 Κρίνιππας,
1010 2753 1068 2811 quo
1089 2735 1208 2794 nomine
1229 2734 1335 2793 Tarilli

112 2839 198 2905 pater
217 2830 309 2887 utitur
328 2827 547 2886 Himerensinm
567 2827 691 2903 tyranni.
713 2859 750 2869 -·
772 2827 909 2887 Ceterum
929 2835 1030 2887 notatu
1052 2831 1141 2907 digna
1160 2835 1229 2887 sunt
1247 2827 1335 2906 ἐμαν-

111 2922 200 3004 τινέᾳ,
227 2924 278 2992 nbi
301 2922 529 3001 praepositionis
554 2921 654 2980 littera
678 2940 780 3000 panon
805 2921 900 2979 solnm
926 2941 945 2979 a
969 2923 1115 2999 soulptore
1136 2923 1187 2982 sed
1208 2922 1297 2981 etiam
1317 2941 1335 2980 a

112 3027 201 3096 poeta
222 3017 354 3095 neglecta
373 3025 426 3090 est,
446 3025 474 3075 et
494 3002 573 3084 tcta}
593 3014 781 3094 adspiratma

622 3183 645 3189 .-.
661 3180 821 3190 ..--1----..-.-..1

112 3296 189 3358 745.
230 3296 389 3376 Olympiae
407 3297 492 3376 galea
511 3316 604 3358 aerea
646 3295 679 3358 C.
700 3295 723 3357 Ι.
746 3297 791 3358 16.

381 3449 382 3452 ’
464 3417 579 3510 Ἱαίρων
603 3417 865 3505 ὁΛιιναμέναας

470 3523 530 3590 καὶ
550 3523 605 3589 ταὶ
627 3519 831 3610 Συρακόσιοι

469 3629 531 3690 τῶι
554 3627 599 3691 Δί
626 3620 798 3710 Tvp(p)eiv'
823 3619 894 3688 ἀπὸ
919 3622 1045 3707 Κύμας.

193 3780 351 3840 Dedicavit
372 3779 463 3838 lliero
489 3779 619 3849 01.76,3
642 3779 680 3854 (a.
694 3779 766 3856 473)
786 3778 946 3857 Tyrrhenis
972 3778 1050 3855 apud
1076 3777 1183 3839 Cumas
1208 3778 1334 3842 devietis.

111 3911 152 3922 -
174 3878 191 3932 3
214 3875 428 3952 paroemiaeum
454 3873 592 3951 adgnovit
612 3873 740 3948 Boeelrh‚
764 3893 858 3950 neque
877 3875 988 3951 priores
1008 3873 1065 3929 dno
1086 3893 1184 3934 versus
1203 3894 1334 3936 ntrmero·

110 3990 179 4031 rum
209 3970 306 4047 speeie
339 3987 436 4028 carere
462 3969 608 4041 videntur,
632 3967 668 4028 es.
690 3967 827 4026 Welolrer
847 3968 919 4043 Syll.
937 3967 997 4026 124.
1019 3999 1057 4009 -—
1079 3968 1096 4024 3
1118 3956 1244 4048 Tpppava'
1273 3969 1335 4028 scil.
1388 4013 1397 4034 ,

109 4054 190 4125 i'nta
211 4065 257 4122 vel
270 4053 360 4144 κραίνῃ.
