3142 5062
665 421 800 492 praetatio.
1160 453 1162 456 ·
1305 435 1343 484 lx

125 586 225 646 sciunt
255 588 306 664 qui
336 587 537 648 admirabilem
570 590 632 649 eius
664 590 826 648 doctrinam
854 592 1004 662 noverunt,
1030 588 1105 664 *quid
1136 590 1258 650 voluerit
1287 612 1341 669 pro

125 690 245 768 egregia
265 690 327 749 eius
347 709 416 768 erga
436 710 482 749 rne
502 693 654 754 voluntate
674 691 768 752 omnis
794 691 854 750 fere
878 691 986 768 pagina
1012 691 1143 762 clamitat
1160 715 1167 751 :
1186 693 1231 752 illi
1254 695 1341 772 igitur

126 792 289 851 iucundum
310 798 356 851 est
375 794 462 851 etiam
483 795 595 870 publice
614 794 726 872 gratias
746 811 832 870 agere
852 792 1020 870 singulares.

209 893 276 972 lpse
299 895 423 971 denique
449 915 536 972 quam
563 895 784 956 adcuratissime
812 896 890 954 tituli
916 897 1003 954 verba
1029 897 1220 956 transcribere
1243 901 1342 959 studui

130 1017 167 1054 ne
193 995 423 1074 orthographicis
447 998 564 1074 quidem
590 998 702 1056 mendis
727 997 860 1071 sublatis,
889 997 950 1056 iota
967 1005 1048 1055 muto
1068 999 1144 1073 quod
1165 999 1270 1060 dicitur
1289 1001 1342 1060 ad-

129 1098 242 1174 scripto
264 1099 312 1157 ubi
334 1099 456 1158 traditur
476 1099 661 1176 adscriptum,
683 1100 846 1176 subscripto
872 1099 922 1157 ubi
947 1099 1087 1158 omissum
1111 1109 1155 1158 est
1177 1101 1208 1159 in
1233 1102 1340 1179 lapide.

131 1201 317 1260 Emendandi
346 1203 461 1279 copiam
490 1204 533 1260 ita
559 1203 627 1259 mihi
653 1201 811 1277 pararint
835 1201 932 1258 varias
957 1211 985 1259 et
1009 1201 1216 1277 lapidariorum
1243 1213 1271 1262 et
1291 1205 1340 1264 de-

128 1303 317 1361 scribentium
338 1305 451 1363 errandi
471 1322 576 1363 causas
596 1305 659 1379 ipss
678 1322 742 1362 cum
763 1305 793 1361 in
804 1303 930 1364 Graecia
945 1301 1086 1379 Italiaque
1106 1305 1174 1363 olim
1195 1306 1341 1363 biennium

131 1423 266 1464 versarer
285 1407 356 1464 satis
377 1389 513 1483 aripertus
534 1406 582 1464 ubi
603 1406 666 1464 lieri
686 1406 781 1483 potuit
799 1405 952 1483 diligenter
964 1406 1125 1464 litterarum
1138 1406 1341 1466 similitudines

129 1507 264 1581 rimarer,
298 1509 347 1566 ubi
380 1529 417 1568 ex
449 1508 685 1586 apographorum
715 1507 812 1566 indole
841 1509 905 1566 fieri
935 1509 1075 1584 nequibat
1103 1508 1341 1587 epigrammatum

127 1629 213 1669 usum
233 1611 281 1669 diu
302 1612 486 1670 observatum
507 1629 656 1686 sequerer3
677 1629 735 1686 quo
755 1610 846 1669 fretus
865 1629 920 1670 usu
940 1611 1054 1688 saepius
1075 1603 1177 1670 mutila
1189 1610 1340 1670 restituere

125 1722 247 1771 conatus
268 1731 341 1783 sum,
362 1722 393 1771 ut
412 1714 551 1790 pristinae
576 1714 688 1771 formae
712 1712 868 1789 imaginem
894 1723 1143 1790 repraesentarem
1150 1733 1158 1783 ;
1188 1713 1267 1790 quod
1291 1713 1341 1790 qui

127 1815 267 1874 audacius
287 1816 394 1876 lactum
418 1815 566 1876 clamitent
588 1816 739 1893 ignoscant
764 1816 813 1873 ubi
840 1817 911 1874 bene
941 1816 1026 1876 cessit
1056 1834 1153 1891 opera,
1184 1815 1233 1873 ubi
1265 1815 1342 1874 male

127 1918 218 1976 cessit
237 1919 382 1996 corrigant
401 1919 467 1996 ipsi.

205 2018 342 2080 Ceterum
363 2022 473 2080 monito
499 2022 550 2078 vix
570 2037 644 2096 opus
670 2029 714 2077 est
738 2038 812 2095 quae
838 2021 875 2078 ab
909 2019 974 2078 aliis
1000 2020 1118 2076 inventa
1142 2029 1209 2078 sunt
1234 2039 1269 2079 ea
1295 2021 1341 2078 vel

124 2123 324 2182 minutissima
344 2123 380 2180 ad
401 2141 484 2182 suum
505 2139 636 2199 quaeque
656 2131 803 2180 auctorem
823 2141 870 2180 me
889 2121 1050 2194 rettulisse;
1081 2119 1131 2178 ubi
1159 2140 1264 2180 nomen
1285 2140 1341 2180 non

126 2224 245 2283 additur
264 2244 330 2284 meo
350 2225 443 2302 ipsius
464 2225 510 2301 agi
531 2223 660 2300 periculo
681 2224 791 2282 scitote.
821 2223 968 2282 Permulta
981 2223 1077 2282 minus
1090 2243 1177 2299 quam
1193 2223 1340 2281 volueram

45 2315 50 2330 ’
127 2326 281 2385 emendata
300 2336 330 2384 et
348 2326 493 2405 perpolita
513 2333 691 2399 manserunt,
712 2345 835 2402 quorum
855 2326 913 2383 alia
934 2326 989 2384 nisi
1010 2325 1093 2384 novis
1113 2325 1250 2383 adhibitis
1270 2344 1341 2402 apo·

128 2429 252 2505 graphia
272 2429 421 2488 emendari
441 2447 529 2506 posse
549 2428 712 2506 desperavi,
739 2427 799 2486 alia
819 2427 843 2484 si
864 2428 928 2503 quis
949 2427 1081 2504 sagacior
1101 2427 1213 2504 integro
1236 2427 1342 2486 iudicio

130 2551 191 2590 rem
214 2533 373 2610 adgressus
393 2532 447 2590 erit
467 2532 546 2590 facili
567 2531 688 2590 sortasse
708 2549 797 2606 opera
823 2531 1008 2588 sanabuntur.
1050 2530 1114 2606 Ego
1144 2530 1188 2588 cui
1219 2529 1268 2586 diu
1297 2529 1342 2588 in·

129 2635 214 2692 cubui
234 2633 371 2694 thesauro
391 2634 506 2692 tandem
528 2654 544 2692 e
563 2634 697 2691 manibus
717 2633 840 2691 dimitto.

206 2736 337 2796 Relicum
357 2747 401 2796 est
423 2744 453 2794 ut
472 2736 578 2795 addam
597 2755 673 2812 quae
692 2734 862 2794 additurum
883 2753 929 2792 me
949 2753 1038 2810 supra
1057 2733 1257 2810 promiseram.

131 2966 161 3024 2.
202 2966 335 3024 Artificis
365 2984 469 3024 nomen
504 2963 629 3024 restituit
657 2963 775 3041 Lolling
805 2963 932 3022 Mittler'l.
963 2964 1011 3021 des
1041 2962 1180 3020 urrhcaol.
1211 2962 1282 3019 lust.
1314 2965 1341 3018 iu

128 3069 250 3127 Atheni
275 3069 328 3127 175
345 3065 482 3146 Ἀριστίων
502 3055 624 3144 [Usipos.
666 3065 710 3125 Gi.
732 3084 808 3141 quae
827 3075 971 3125 secuntur.

631 3197 833 3208 -ρ-ι-

128 3264 205 3323 add.
227 3215 282 3324 pa.
324 3263 494 3341 Subscripta
513 3262 585 3320 vidit
605 3261 723 3339 Lolling
744 3263 762 3321 l.
777 3281 798 3320 e.
813 3282 834 3320 a.
857 3262 941 3320 haee:

519 3403 930 3449 ΙιΤῘΟΝίΙΑΡΙ.....0.ἰΕ

125 3533 260 3597 recteque
280 3521 351 3599 legit
367 3512 517 3600 'Apprime
533 3543 539 3578 :
554 3508 666 3596 aalma
682 3541 688 3575 :
703 3508 849 3594 ἐπ]ἅ[η]σε.

636 3632 834 3642 -----——-—-

126 3699 232 3772 69,1.
291 3699 354 3777 lege
386 3691 427 3758 Ὢ
467 3702 511 3757 τάν
550 3696 621 3754 κτλ’.

125 3875 184 3950 88,
209 3879 233 3934 1.
275 3876 320 3937 Cf.
343 3876 502 3936 Democriti
523 3878 601 3954 apud
622 3874 701 3935 Stob.
728 3895 808 3934 aum.
826 3875 854 3932 V
875 3876 911 3934 Ἠ
937 3868 1043 3954 ἄριστον
1067 3865 1202 3954 ἀνθρώπῳ
1222 3863 1266 3932 riv
1286 3867 1343 3951 βίον

125 3969 226 4053 ὃιίγειν
246 3977 283 4048 ὥς
306 3978 423 4038 πλεῖστα
444 3976 640 4057 εὐθυμηθέντσι
660 3969 706 4036 aul
727 3969 864 4058 ἕλοίχιστσι
878 3977 1043 4052 λυπηθέντα.

124 4207 197 4268 149.
239 4208 359 4266 Litteris
394 4227 528 4268 versuum
556 4208 717 4268 initialibus
748 4227 852 4269 nomen
879 4207 1069 4285 Serapionem
1100 4207 1238 4267 contineri
1269 4207 1343 4266 vidit

123 4309 230 4370 Nauck
236 4333 245 4385 3
268 4311 319 4374 ubi
339 4312 485 4372 monuerit
504 4311 632 4372 iudicare
653 4329 728 4369 nunc
748 4331 804 4370 non
826 4330 913 4388 queo.
953 4310 1088 4387 Intellege
1110 4314 1237 4388 poetam.

637 4451 837 4464 ριι-ι-ι-ι-
