3156 5032
222 372 287 436 470
693 368 893 440 Epigrammata
911 372 991 426 ruia

223 537 323 599 Herm.
347 539 434 617 Orpl.
455 538 564 613 Arpos.
588 537 654 600 262.
669 572 690 584 -
722 539 760 597 54
779 537 920 617 Cecropis
940 540 1015 600 filias
1035 542 1090 601 etsi
1109 542 1272 602 sacerdotes
1292 541 1453 600 Minervae

223 633 311 692 fuisse
330 650 388 691 non
408 634 550 693 traditum
571 641 628 706 est,
655 632 741 692 facile
759 639 858 692 minen
878 634 947 696 inde
972 635 1028 694 sibi
1052 636 1161 710 fingere
1184 644 1319 712 poterant
1342 654 1452 694 recen·

223 726 319 800 tiores,
339 727 417 803 quod
436 727 496 785 illis
516 727 571 786 dea
584 725 808 786 Erichthonium
827 727 1046 787 custodiendum
1061 728 1189 787 dederat
1220 726 1329 788 Hersen
1343 733 1452 788 autem

221 821 366 880 hocloco
390 821 491 880 eadem
517 839 576 896 qus
599 837 690 896 supra
714 839 741 880 v.
757 820 795 880 32
820 822 934 881 raticm
958 821 1106 882 Pandrosi
1132 828 1231 899 partes
1255 841 1342 900 agere
1372 833 1452 900 puto

221 916 330 993 qnippe
349 933 426 992 qnae
445 915 510 974 sola
528 914 620 974 cistae
639 931 746 972 arcam
767 933 824 972 non
844 916 978 992 inspecto
997 916 1070 974 deae
1088 917 1212 994 gratiam
1231 916 1286 976 sibi
1305 916 1450 975 servarit.
1572 931 1575 940 ’

221 1008 308 1066 -56
328 998 430 1088 iprum
450 1008 568 1069 Cereris
587 1026 746 1085 cognomen
766 1017 819 1082 est,
840 1009 920 1086 quod
940 1027 1005 1068 cum
1025 1029 1084 1069 non
1102 1009 1381 1070 animadvertissent
1401 1009 1449 1067 in-

223 1111 368 1181 terpretes
388 1103 554 1164 Domitiam
575 1101 689 1161 Aurelii
709 1107 833 1161 matrem
856 1102 1072 1182 intellegebant.
1110 1103 1150 1162 At
1169 1100 1259 1162 Oeres
1282 1101 1340 1160 hoc
1364 1113 1451 1161 certe

220 1199 285 1258 loco
305 1217 364 1258 non
383 1204 484 1276 potest
502 1197 562 1257 alis
581 1215 645 1256 esse
664 1196 722 1256 nisi
742 1196 808 1274 ipsa
821 1196 974 1270 Faustina,
995 1216 1070 1273 quae
1088 1195 1199 1273 optime
1210 1195 1326 1256 Aurelii
1345 1203 1451 1256 mater

221 1292 365 1372 adpellari
384 1293 491 1370 potuit
532 1289 583 1353 Sic
609 1290 741 1368 procedit
765 1291 925 1350 sententis:
956 1291 1026 1349 nolit
1048 1310 1108 1350 οοοπ
1133 1292 1281 1366 &eliquari
1300 1289 1450 1350 Faunine

220 1388 288 1459 dem
318 1404 405 1462 nequ
431 1389 503 1446 οπὶπο
523 1386 654 1444 Μὀπονοο
680 1385 792 1444 Hersen
817 1403 868 1443 nec
890 1383 990 1443 Diana
1014 1385 1186 1460 Iplipemcm
1210 1384 1363 1458 adianto
1390 1395 1452 1444 est.-

219 1485 260 1540 et'e
279 1499 329 1538 occ
349 1481 492 1538 Faustino
512 1489 632 1537 οοιοοπνπο
651 1479 831 1537 heminarum
850 1480 1020 1536 ἀονοὲπαονὶο
1038 1478 1174 1553 Rupiliam
1197 1486 1307 1554 eponae
1332 1482 1449 1554 superi-

220 1574 315 1632 on'bus
334 1574 452 1632 hercinia
473 1573 619 1632 adscitum.
639 1604 679 1616 -
699 1571 737 1630 59
757 1588 847 1630 stret
868 1572 958 1651 lapis3
978 1573 1040 1630 iota
1058 1571 1193 1630 abundat.
1212 1603 1250 1615 -
1269 1571 1305 1628 71
1323 1569 1448 1632 culina

220 1669 312 1744 hymn
341 1668 434 1726 Ceret.
461 1666 499 1724 tt
525 1653 580 1734 ἔτος
605 1653 641 1723 rel
667 1663 767 1727 θεοῖσιν
791 1663 916 1744 ἀνειμένοι
941 1662 1051 1746 &thipsa
1075 1651 1189 1734 simtu.
1210 1697 1247 1709 -
1269 1667 1305 1725 76
1331 1657 1377 1745 μοι’
1394 1689 1450 1726 τωο

220 1753 336 1835 νῆποννον
357 1759 419 1818 scil.
441 1755 505 1818 siret
531 1759 577 1818 vel
602 1754 725 1819 tento.
747 1792 782 1804 -
806 1761 842 1819 77
863 1757 967 1840 ἄτρεῒες
991 1778 1044 1836 pro
1070 1756 1167 1838 οἰτρνῖες
1187 1759 1340 1836 scriptum,
1367 1760 1448 1820 sient

221 1874 248 1912 v.
263 1854 301 1912 96
321 1844 384 1911 νειο’ν
402 1872 458 1929 pro
478 1844 543 1927 νηόν.
584 1853 762 1914 Accusativo
789 1850 876 1930 deplet
900 1871 970 1912 usus
995 1859 1042 1912 est
1060 1851 1212 1929 Euphoric
1232 1853 1265 1914 fr.
1281 1854 1318 1912 95
1340 1853 1448 1928 hlaine

219 1947 256 2007 ci.
284 1965 375 2024 supra
399 1966 427 2004 n.
444 1944 501 2004 222
526 1936 550 2004 ni
574 1938 671 2025 μοίρας
696 1936 817 2026 olrpn‘rou
843 1943 1051 2026 ἀνωμοοπῆρες
1074 1935 1213 2024 οἷπρπκτοι.
1232 1979 1270 1991 -
1291 1947 1330 2007 82
1351 1963 1392 2006 εον
1419 1948 1448 2008 ἐν

220 2061 273 2118 pro
294 2041 319 2110 ἒς
339 2040 468 2118 positum
492 2059 556 2100 esse
576 2058 661 2098 nemo
680 2059 746 2100 cum
768 2037 913 2101 Salmasio
932 2040 1040 2111 eredet;
1066 2035 1103 2098 tt
1125 2029 1216 2098 altrea
1235 2041 1350 2115 Iacobo,
1371 2042 1447 2102 faci·

219 2135 276 2193 lius
295 2133 393 2193 Franz
411 2133 456 2194 ἐπ’
477 2133 610 2207 coniecit,
636 2152 711 2210 quae
728 2134 907 2210 praepositio
927 2121 1002 2193 κοντοὶ
1024 2120 1106 2192 κοινᾶν
1124 2133 1162 2194 ad
1182 2124 1279 2214 ὄρχους
1299 2145 1328 2194 et
1348 2127 1448 2196 ἔλπεο

221 2235 251 2286 et
271 2224 343 2303 ποίην
362 2228 515 2287 Merenda
535 2233 589 2286 est
609 2261 648 2273 -
669 2228 706 2286 84
727 2240 828 2286 νΗΞειε
847 2245 906 2305 quo
932 2237 1047 2286 servam
1067 2226 1224 2288 Salmasius
1249 2248 1374 2306 eumque
1400 2250 1449 2290 se·

216 2321 276 2380 enti
297 2320 349 2379 alii
370 2316 613 2402 ὃμνοῖ-μποοέλλᾳ
633 2321 821 2398 scripserunt.
862 2322 906 2379 At
929 2321 1041 2380 errarit
1067 2321 1192 2398 lapicida
1211 2321 1301 2380 latina
1320 2322 1449 2384 former

216 2435 273 2493 pro
292 2434 397 2493 maaca
416 2393 567 2491 n‘posita,
597 2422 739 2490 utsupra
758 2431 786 2472 v.
801 2414 838 2472 33
860 2430 964 2472 xurrx.
985 2447 1024 2458 -
1044 2414 1081 2473 83
1101 2408 1198 2494 χλωροὶ
1223 2413 1344 2475 θέουσαν
1368 2418 1448 2477 satie

216 2511 290 2570 mire
309 2509 419 2568 dictum
437 2509 580 2587 exemplis
599 2509 771 2568 confirmare
789 2526 847 2566 non
868 2526 952 2583 queo.
973 2539 1011 2551 -
1031 2508 1067 2566 87
1089 2523 1221 2568 exrersoc
1241 2511 1322 2585 quod
1341 2513 1448 2572 nescio

217 2625 256 2664 an
276 2603 459 2681 probandum
480 2604 519 2663 sit
538 2604 582 2662 ita
601 2601 741 2678 scriptum
762 2591 809 2660 sal
829 2600 861 2660 ἐκ
879 2599 954 2675 γένος
974 2592 1133 2680 ἑοσοίμενονο
1152 2606 1202 2677 qui
1214 2607 1271 2662 οἰονο
1285 2608 1336 2680 qui
1345 2613 1448 2681 posunt

212 2698 308 2773 proles
334 2708 381 2758 est.
402 2730 439 2742 -
465 2697 504 2758 89
530 2713 628 2757 setun
655 2695 752 2754 sohed.
780 2693 987 2754 Holstenisnae
1011 2695 1190 2754 Barberinae
1214 2698 1295 2756 solae
1320 2714 1446 2776 acuar,

216 2792 297 2868 quod
322 2792 456 2867 quamvis
482 2800 627 2852 structura
654 2789 734 2850 haud
759 2789 897 2866 expedita
922 2808 1023 2848 rerum
1049 2789 1175 2848 ridetur:
1205 2795 1308 2848 ποποίπο·
1337 2813 1446 2868 aprum

217 2886 308 2944 colere
328 2885 432 2944 licitum
452 2895 524 2958 esto,
544 2893 659 2961 procer
683 2886 797 2960 eosqui
820 2884 853 2940 ds
879 2883 971 2941 eodem
988 2901 1087 2958 penem
1105 2887 1167 2942 noti
1189 2889 1244 2943 sint
1263 2885 1321 2960 (tis
1346 2899 1445 2950 autem

216 2997 273 3036 non
296 2980 460 3056 ateana
489 2998 557 3037 num
576 2983 602 3037 ei
624 2979 822 3055 patefecerit,
850 2979 888 3034 eie
911 2975 984 3033 ultor
1007 2977 1119 3052 qmdom
1148 2982 1190 3036 rei
1219 2983 1348 3039 comam
1379 2987 1443 3043 erit.

216 3071 262 3132 ct.
284 3069 318 3130 0.
339 3071 362 3132 1.
385 3072 422 3134 26
443 3065 555 3152 μοι’ρνυς
575 3064 682 3150 laipno
697 3064 815 3130 Ἐνοδῖο.
837 3101 874 3112 -
895 3068 933 3128 89
953 3084 1178 3130 reerrxsoruou
1195 3062 1362 3152 Ἐρνχθίννον
1383 3077 1442 3155 βι-

217 3165 301 3240 ονλῆο
321 3165 450 3225 clausula
469 3166 617 3226 homerica
636 3184 673 3223 ex
693 3164 795 3223 eodem
816 3161 879 3222 loco
899 3161 947 3236 (Il.
961 3161 992 3222 Y
1004 3162 1076 3239 219)
1097 3163 1261 3241 desumpta,
1288 3171 1366 3229 unde
1387 3174 1443 3232 do-

215 3258 340 3316 ctrinam
359 3265 449 3335 poete
468 3260 605 3318 hauserat
625 3279 651 3319 v.
666 3259 704 3318 38
714 3277 796 3334 sqq.;
825 3257 937 3332 absque
955 3255 1012 3314 hcc
1030 3255 1120 3329 foret,
1145 3258 1248 3320 melius
1267 3273 1346 3323 certe
1365 3269 1443 3326 scri.

215 3350 324 3428 psisset
348 3343 395 3410 nol
420 3343 476 3432 ’γοὶρ
497 3339 664 3432 Ἐριχῦίνιόν
689 3355 749 3411 ποτ’
771 3341 906 3425 Ἀθηναίη
931 3348 1063 3428 βοοιλνῖο.
1106 3349 1167 3408 Pro
1196 3373 1228 3412 τε
1256 3374 1328 3416 vero
1359 3364 1443 3437 quod

214 3444 285 3504 ferri
305 3445 415 3522 nequit,
434 3445 536 3505 Herm.
561 3445 647 3522 Orph
668 3464 696 3521 p.
712 3444 768 3503 738
795 3442 826 3516 οἶ,
846 3443 951 3504 lacobs
976 3464 1024 3524 περ
1043 3444 1189 3520 reposuit,
1216 3447 1325 3522 quihus
1349 3472 1442 3530 prae-

215 3539 269 3598 tuli
291 3540 368 3616 quod
389 3537 551 3615 simplicius
572 3538 725 3597 ridebatur
744 3555 807 3598 esse
828 3538 896 3596 ποτ’.
908 3537 994 3596 -90
1014 3539 1066 3617 νηῷ
1085 3538 1104 3597 i.
1125 3557 1149 3599 a
1171 3539 1347 3618 Erechtheo,
1368 3565 1442 3608 nam

214 3633 393 3693 Erechtheus
413 3643 442 3691 et
455 3631 666 3692 Erichthonius
686 3631 743 3690 dno
763 3631 895 3692 eiusdem
906 3630 1033 3690 hominis
1046 3631 1165 3691 nomina
1178 3640 1253 3693 sunt.
1266 3668 1302 3678 -
1315 3635 1354 3696 93
1365 3659 1441 3702 eon-

213 3725 311 3787 ferunt
335 3714 548 3800 πολύπλαγκτον
573 3712 720 3803 ἀλίπτορο
744 3724 833 3798 hymn.
863 3723 951 3800 Orpl.
973 3724 1057 3799 723.
1100 3723 1225 3785 Rhombi
1250 3746 1359 3790 nomen
1385 3753 1441 3794 ex-

214 3820 304 3897 plicat
324 3823 444 3880 verbum
464 3807 741 3896 minitissimam
762 3849 798 3861 -
820 3815 858 3876 95
878 3815 1004 3896 Triopas
1024 3815 1206 3878 Callimacho
1227 3821 1266 3895 (lt
1283 3821 1347 3882 Ger.
1365 3828 1440 3908 100)

213 3910 344 3989 Neptuni
368 3923 397 3974 et
421 3912 552 3973 Canaces
577 3912 709 3972 Aeolidis
734 3909 813 3970 filius
838 3919 896 3984 est,
920 3918 1005 3986 pater
1028 3911 1252 3988 Erysichthonis
1276 3915 1356 3988 eius,
1384 3924 1440 3998 qui

213 4003 329 4064 Cereris
348 4005 418 4064 fano
439 4007 549 4066 violato
574 4027 610 4066 ex
631 4003 785 4065 Thessalia
808 4004 839 4060 in
859 4001 978 4063 Cariam
1003 4003 1141 4082 profugus
1162 4004 1292 4084 Triopeo
1317 4014 1440 4075 condito

213 4096 284 4156 deae
309 4099 437 4158 animum
463 4099 519 4160 sibi
543 4098 749 4160 reconciliavit
789 4095 948 4156 Marcellus
972 4097 1067 4174 ipsum
1089 4097 1228 4175 Triopam
1254 4103 1439 4184 sacrilegum

211 4190 360 4264 perhibuit
383 4193 564 4270 eundemque
589 4195 684 4271 Δηῷον
708 4210 736 4250 r.
751 4191 798 4250 64.
823 4221 859 4234 —
887 4189 924 4249 97
948 4195 1043 4266 itaque
1067 4209 1133 4250 cccc
1163 4191 1301 4269 ltiopae,
1308 4216 1440 4272 poenosa

210 4281 272 4342 aas
286 4292 334 4342 ou
351 4283 473 4364 Triopas
486 4291 594 4346 nomine
606 4275 743 4366 Tpo'reto;
755 4285 915 4356 semiustis,
928 4301 962 4343 πο
979 4284 1112 4360 Τνοοροίο
1126 4293 1151 4343 te
1168 4288 1294 4348 ον’πάἰοω
1313 4304 1438 4372 anpm,
