3156 5032
284 352 331 408 lIl.
358 357 497 422 poetarum
515 354 657 408 memoriae
677 353 760 408 iccata
778 353 877 408 ludicre
894 355 1028 424 sapienter
1045 355 1114 410 dicta
1131 362 1180 410 cst.
1285 357 1346 422 509

131 529 260 598 angusto.
274 520 383 579 circulo
403 521 513 598 scripta
532 527 609 596 sunt,
630 528 664 581 ut
683 523 708 582 si
728 530 806 582 recte
825 543 862 582 cx
881 522 1021 582 Boeckhii
1042 524 1204 594 coniectura
1223 524 1347 600 hospitis

130 634 235 675 nomen
257 614 358 675 addidi
376 616 432 674 hoc
451 617 481 674 in
501 615 594 676 altero
614 617 702 675 etiam
722 618 833 676 minore
852 617 957 676 circulo
978 617 1117 694 scriptum
1137 617 1227 677 fuisse
1247 638 1345 678 neccs-

130 727 162 768 se
182 711 229 768 sit

130 987 220 1051 1188.
255 989 410 1068 Amphora
429 995 598 1065 caeretana,
624 992 652 1050 in
673 994 754 1053 cuine
774 993 870 1053 cutim
894 993 986 1052 latere
1005 992 1061 1050 duo
1081 990 1137 1050 uiri
1156 991 1234 1050 circa
1252 993 1346 1051 oleam

132 1104 168 1143 ex
190 1086 313 1143 adverso
334 1086 467 1144 sedentes
487 1087 618 1163 expressi
639 1097 714 1162 sunt,
735 1087 810 1146 alter
830 1107 867 1146 ex
886 1084 1029 1162 amphora
1048 1086 1184 1144 haustum
1204 1085 1298 1145 oleum
1317 1087 1346 1144 iu

133 1178 281 1237 vasculum
301 1179 450 1238 inmittens
470 1179 620 1254 (dominus
640 1181 763 1258 oliveti),
783 1182 858 1241 alter
877 1181 922 1240 illi
948 1181 1077 1238 intentus
1102 1180 1234 1239 baculum
1258 1199 1348 1239 mauu

132 1279 233 1332 tenens
244 1272 425 1350 (mercator),
439 1272 591 1348 iupostico
601 1274 695 1334 cidem
705 1277 845 1349 homines,
860 1275 996 1334 domiuus
1007 1274 1119 1347 sedens,
1132 1280 1277 1333 mercator
1288 1294 1347 1334 em-

129 1377 181 1446 pto
192 1367 257 1427 oleo
268 1368 305 1426 ad
322 1366 562 1446 proficiscendum
576 1375 708 1446 paratus.
739 1367 850 1428 Ritachl
859 1368 965 1428 Annul.
983 1369 1068 1428 lunt.
1089 1368 1162 1428 1837
1173 1389 1201 1446 p.
1216 1369 1269 1428 183
1281 1387 1347 1447 sqq.

281 1518 310 1560 a
349 1482 390 1554 Ὠ
413 1495 481 1558 Ζεῦ
503 1490 620 1579 πάτερ,
645 1489 726 1560 αἴθε
750 1491 912 1571 πλούσιος
934 1493 1126 1579 γον[οἰμαν.

281 1679 312 1746 b.
357 1669 422 1764 ἤδη
444 1677 504 1758 μὲν
526 1668 591 1765 ἤδη
615 1678 729 1744 πλέον·
755 1672 846 1766 [ἆ]π’
870 1667 937 1764 ἄρα
958 1677 1092 1760 βέβακε.

173 1865 175 1870 .
208 1813 307 1872 Verba
326 1823 393 1873 suut
413 1813 570 1888 olivitouia,
591 1815 642 1890 qui
662 1815 741 1892 quod
762 1826 829 1873 aute
849 1835 970 1875 messem
991 1821 1127 1892 precatus
1147 1823 1211 1874 erat
1232 1836 1247 1874 ο
1271 1817 1348 1893 Inpl-

131 1919 171 1967 ιον
190 1912 297 1966 annum
320 1910 395 1966 dioec
410 1909 481 1983 fiam
500 1925 595 1967 messe
613 1920 732 1985 peracta
751 1921 847 1969 ratum
867 1911 968 1969 videns
988 1913 1055 1983 ιἰοο,
1075 1910 1182 1986 iuquit,
1195 1914 1251 1970 ιὀοι
1260 1911 1349 1987 plena

131 2003 222 2074 doltu3
242 2012 332 2061 notam
352 2005 439 2078 ipltw
457 2007 557 2062 annm
576 2003 679 2062 lubuit.
701 2036 736 2047 -
761 2006 775 2061 l
798 2003 894 2081 suppl.
915 2003 1035 2064 Ritachl.
1055 2036 1094 2047 -
1114 2003 1132 2061 2
1153 2004 1300 2083 supplevit
1320 2013 1350 2066 et

130 2095 290 2174 explicavit
309 2097 421 2174 optime
440 2097 592 2158 Hermann
613 2098 698 2156 Dior.
719 2099 769 2158 tin.
791 2102 880 2174 antiq.
904 2091 976 2158 1887
998 2116 1025 2174 p.
1041 2097 1107 2159 815.

129 2425 219 2489 stat.
265 2428 352 2505 Apud
383 2427 534 2488 (lolindcm
559 2428 791 2505 promunturium
816 2437 963 2506 repertum
986 2448 1039 2488 vas
1062 2429 1186 2507 grando,
1211 2432 1292 2489 cuius
1317 2431 1348 2490 in

130 2520 213 2600 part'c
238 2519 389 2600 superio'rc
408 2523 535 2582 defuncti
555 2523 712 2601 prothesis,
737 2523 815 2583 iufra
835 2523 938 2583 titulus
958 2529 1012 2583 est.
1053 2522 1152 2583 conze
1171 2525 1278 2583 Annul.
1299 2526 1347 2582 In·

131 2619 185 2675 stit.
209 2617 283 2676 1864
302 2636 331 2696 p.
348 2617 412 2677 188.
435 2616 499 2676 197.

110 2780 115 2786 -
210 2736 349 2830 Ἀνδρὸς
370 2734 624 2828 ἀποφθιμένοιο
649 2738 764 2828 κᾶ[οη]
789 2740 949 2830 κα[λ]ὂ[ν]
972 2737 1094 2809 ἐνθάδε
1118 2747 1241 2826 κεῖμαι.
1337 2791 1341 2798 .

210 2878 260 2940 Sic
284 2880 341 2958 legi
366 2897 455 2957 posse
480 2880 587 2940 docent
610 2880 773 2939 litterarum
793 2880 915 2958 vestigia
940 2879 1038 2957 qualia
1065 2878 1161 2940 Gonze
1190 2881 1346 2958 expressit3

130 2979 161 3032 et
179 2973 284 3033 melius
304 2984 380 3033 certe
399 2975 443 3034 sic
462 2974 575 3053 legetur
594 2993 683 3052 quam
703 2992 770 3032 cum
789 2973 888 3033 Keilio
909 2978 970 3050 (ap.
991 2971 1134 3034 Ocnzium
1154 2975 1172 3034 l.
1192 2993 1213 3035 ο.
1235 2975 1275 3052 a.)
1294 2965 1345 3054 ῥοί-

131 3084 177 3135 κος
197 3059 289 3127 κακόν.
331 3067 469 3128 Ceterum
488 3069 625 3128 uidentur
644 3068 757 3128 litterae
776 3085 796 3125 v
816 3069 914 3127 vcl1v
934 3069 1042 3128 saeculi
1061 3087 1134 3128 esse.

132 3396 219 3456 1185.
251 3396 290 3470 Ιοι
305 3398 425 3458 vasculo
444 3399 538 3459 musci
558 3399 750 3478 Neapolitani
769 3400 872 3477 cippus
891 3399 994 3476 pictus,
1014 3399 1065 3476 qui
1084 3399 1228 3458 distichon
1248 3398 1344 3460 habet.

132 3491 317 3554 (118429.
357 3492 403 3552 of.
425 3493 616 3571 Heydemann
645 3495 845 3556 Vusnnamml.
866 3493 952 3555 8868.
1121 3501 1124 3507 ’

238 3613 362 3683 Νώτωι
385 3616 471 3708 [μὲν]
492 3617 642 3708 μολόχην
664 3643 700 3685 ta
722 3619 779 3686 καὶ
802 3614 1022 3708 ἆσφό6[ε]λον
1044 3617 1234 3706 πολύριζον,

328 3713 459 3784 κόλπων
481 3721 509 3784 δ’
536 3715 724 3787 Οἰδιπόδαν
741 3719 864 3787 ,Λαίον
887 3719 972 3810 [htv
993 3715 1066 3802 ἔχω.

212 3860 225 3915 l
242 3864 771 3938 unnnuuonnxusutxnmsponouon
785 3868 969 3918 correxerunt
983 3847 1123 3938 μολοίχην,
1144 3864 1176 3916 at
1187 3858 1224 3917 cf.
1238 3858 1344 3920 Athen.

131 3951 160 4012 Il
180 3973 209 4032 p.
223 3952 291 4011 586
316 3951 342 4011 ἒν
369 3949 476 4021 πολλοῖς
497 3942 670 4033 ἀντογροίφοις
691 3944 766 4034 εὖρον
790 3957 842 4014 τοῦ
857 3943 1039 4032 ’Antoninus
1058 3944 1164 4020 Μίνωος
1189 3943 1232 4011 chol
1258 3956 1310 4012 τοῦ
1334 3976 1346 4012 ο

131 4044 331 4127 γεγραμμένον·
352 4039 541 4122 τρώγοντες
562 4039 710 4126 μολὸχης
731 4042 833 4127 ῥίζαν.
856 4081 890 4091 -
914 4049 1097 4106 homousion
1118 4046 1169 4128 ubl
1188 4053 1346 4124 antcpaeu·

134 4139 236 4197 ultima
255 4139 354 4199 littera
373 4140 535 4215 paullulum
555 4151 674 4199 curvata
694 4157 711 4198 ν
731 4161 795 4202 cese
815 4143 934 4204 videtur.
954 4175 993 4187 -
1015 4141 1205 4220 Epigtamma
1224 4143 1254 4201 in
1274 4142 1345 4201 An·-

132 4233 246 4292 stotelie
261 4233 351 4311 Peplo
371 4235 460 4294 luisse
479 4240 556 4293 recte
575 4234 673 4294 Franz
692 4256 729 4296 ex
749 4236 897 4296 Euatathii
923 4236 1020 4297 verbis
1040 4236 1165 4315 conlegit
1185 4239 1222 4297 ad
1246 4237 1342 4313 odyn.

133 4327 152 4386 λ
163 4345 192 4408 p.
211 4326 292 4403 1698,
304 4325 341 4386 85
362 4325 400 4398 οἷς
421 4323 499 4404 tntu?
515 4323 566 4388 κο(
581 4351 607 4387 τι
626 4331 681 4388 τῶν
702 4319 776 4411 ποροὶ
795 4333 838 4410 τῷ
850 4326 998 4412 Πορφυρίῳ
1018 4321 1247 4412 ἐπογρομμιίοων,
1267 4329 1345 4406 λέγον
