3164 5056
230 435 291 498 116
660 430 857 502 Epigrammata
874 431 1041 502 sepulcralia.

265 637 267 642 s
305 594 401 666 ’ἑπτὰ
423 598 482 666 ἐπὶ
504 590 718 686 ἑβδομήκοντ’
741 592 850 665 ’ἔτεσιν
869 597 926 665 καὶ
947 593 1040 675 ἴσαις
1061 590 1119 663 ἐπὶ
1139 589 1288 681 βύβλοις·

635 702 714 762 linea
733 720 820 762 erasa

313 803 505 890 συνέγραψε
527 801 565 870 δὲ
596 799 758 888 flsfliio'
745 799 882 891 ιατρικὰ
913 825 975 885 μεν
1000 807 1057 884 οβ,
1101 797 1256 890 ἱστορικὰ
1292 797 1330 864 δὲ
1367 795 1449 882 περὶ

312 899 467 993 Ζμύρνης
488 895 550 990 (ᾗ,
581 905 661 986 περὶ
682 907 743 992 τῆς
759 897 918 993 Ὁμήρου
939 901 1065 990 σοφίας
1086 928 1119 982 ο,
1147 903 1205 969 καὶ
1227 898 1449 1000 πατρίδοςσ,

308 999 425 1083 Ἀσίας
447 1004 587 1073 κτίσεων
607 1013 661 1090 ati,
678 1000 844 1095 Εὐρώπης
865 995 1113 1092 κτίσεωνοβγο,
1135 1001 1266 1070 vr‘oowv
1280 1025 1312 1076 σ,
1333 993 1452 1078 Ἀσίας

309 1105 584 1229 ‹modtoossoir
565 1134 598 1186 α,
633 1107 691 1174 καὶ
709 1103 921 1197 noenum
923 1158 933 1194 ‚
966 1102 1227 1196 στροτηγμάτων
1260 1108 1314 1188 ost,
1347 1101 1454 1181 πίναξ

309 1201 488 1290 Ῥωμαίων
509 1232 567 1275 και
557 1207 797 1296 Ζμυρναίων,
821 1208 960 1291 διαδοχν
984 1207 1069 1274 κατὰ
1089 1204 1238 1295 χρόνους.

305 1376 388 1437 Nihil
413 1381 527 1459 aegrius
554 1380 663 1441 factum
689 1400 779 1459 quam
803 1383 882 1458 quod
906 1381 1032 1442 hominis
1052 1389 1111 1440 tam
1136 1379 1215 1440 docti
1238 1385 1358 1455 tamque
1382 1375 1453 1436 diii-

228 1474 323 1551 gentis
353 1493 394 1552 ne
416 1471 540 1558 aetatem
568 1475 685 1552 quidem
710 1476 784 1535 seire
807 1495 972 1554 possumus.
1017 1475 1150 1534 Litterae
1174 1473 1319 1553 vulgares,
1342 1471 1453 1549 quibus

228 1567 352 1643 scriptus
372 1571 419 1626 est
436 1568 549 1642 titulus,
569 1569 659 1629 etiam
678 1571 716 1628 ad
736 1561 992 1649 Severi'tempora
1010 1571 1040 1629 in
1060 1589 1114 1629 usu
1134 1568 1251 1628 fuerunt
1271 1566 1453 1644 Smyrnaeis,

229 1661 263 1720 Ο.
288 1661 312 1722 1.
339 1661 424 1722 3178.
465 1663 663 1742 Hermogenes
688 1664 816 1724 medicos
840 1665 939 1742 plures
962 1663 1108 1738 novimus,
1133 1665 1222 1723 etiam
1241 1660 1455 1722 Charidemum

229 1773 332 1812 nnuma
353 1761 510 1833 utrqunme
530 1777 634 1817 nomen
654 1759 684 1816 in
704 1758 756 1817 illa
774 1759 846 1818 urbo
863 1760 1076 1820 creberrimum.
1103 1759 1208 1818 Altero
1221 1764 1320 1817 tamen
1335 1774 1364 1832 p.
1379 1753 1454 1814 Chr.

229 1867 257 1906 n.
278 1850 394 1908 saeoulo
413 1852 463 1911 vix
484 1852 585 1912 titulus
610 1855 752 1912 recentior
769 1858 823 1912 est.
842 1887 880 1898 —-
901 1854 919 1912 3
944 1854 1073 1931 argutius
1098 1853 1218 1913 Boeekh
1235 1867 1340 1910 mvn
1358 1848 1455 1907 libros

219 1941 442 2022 Hermogenem
462 1946 614 2024 scripsisse
633 1954 715 2007 ratus
735 1948 854 2026 corrigit
872 1961 922 2006 oz.
1262 1960 1263 1964 ’

228 2179 311 2283 506.
352 2224 494 2303 Smyrnae
513 2235 653 2304 protome.
694 2227 726 2291 C.
746 2227 768 2290 1.
790 2228 875 2290 3283.
938 2263 939 2267 =

356 2347 471 2440 Ἰητὴρ
491 2349 656 2433 μεθόδου,
679 2347 861 2432 Ἀσιατικὲ,
885 2349 1071 2440 προστάτσ,
1094 2355 1200 2438 χαῖρε,

355 2449 467 2517 πολλὰ
488 2450 549 2533 μὲν
570 2450 680 2518 ἐσθλὰ
702 2453 826 2519 παθὼν
846 2453 959 2543 φρεσί,
982 2451 1095 2520 πολλὰ
1117 2447 1293 2541 δὲ’λυγροὶ.

473 2555 524 2616 M.
550 2549 686 2633 Μόδιος
705 2548 897 2634 Ἀσιατικός

517 2649 633 2743 ἰατρὸς
653 2650 850 2740 μεθοδικάς.

305 2825 488 2903 Disciplinae
517 2825 698 2888 methodicae
738 2832 895 2888 sectatores
924 2844 948 2885 11
978 2825 1094 2887 saeoulo
1121 2825 1251 2888 Soranus
1280 2834 1310 2885 et
1334 2825 1459 2888 Caelius

229 2919 404 2979 Aurelianus
423 2926 523 2994 erant3
548 2920 677 2980 eiusdem
702 2920 762 2980 fere
788 2923 892 2981 aetatis
912 2921 1070 2982 Asiaticus.
1090 2954 1128 2964 -
1151 2923 1165 2979 1
1188 2908 1311 3002 petilian
1332 2909 1458 3002 τριστοί-

228 3035 277 3090 της
304 3014 324 3072 i.
350 3033 375 3072 e.
406 3014 621 3108 methodioorurn
644 3019 786 3091 princepe.
826 3015 965 3076 Weleker
989 3014 1061 3093 Syll.
1088 3017 1125 3075 37
1150 3025 1224 3075 extr.
1244 3048 1281 3060 -
1307 3015 1326 3073 2
1352 3014 1414 3075 od.
1441 3011 1460 3074 ei

228 3107 286 3166 230
305 3106 409 3167 leviter
428 3113 460 3166 et
478 3108 516 3167 ad
535 3125 596 3170 rem
616 3115 752 3169 mutatus.

231 3383 310 3448 aor.
352 3387 439 3446 nter
460 3387 620 3467 smyrnae
638 3387 668 3448 in
689 3390 803 3450 senens
824 3389 1034 3453 smenon.
1066 3387 1099 3450 c.
1119 3390 1142 3450 1.
1164 3389 1249 3449 3284.

312 3544 447 3634 Πύκτην
468 3555 736 3618 ΑΑΣΚΕΠΟΝ
760 3545 912 3630 λεύσσεις
933 3548 1002 3633 ἐμέ,
1025 3548 1083 3616 τὸν
1105 3548 1313 3637 κατέπεφνεν

433 3647 573 3737 Πάρδος
595 3644 995 3738 ὂμοιείοο’τεοξ[ο’]μενος
1016 3647 1177 3719 θανάτου.

309 3819 426 3880 Nomen
456 3818 577 3882 Boeokh
599 3811 759 3881 Ἀσκεπτιι
789 3821 873 3896 feeit,
904 3821 1104 3882 Wilamowitr
1127 3818 1290 3882 'Arimino
1322 3822 1455 3898 oonieoit,

232 3931 309 3990 quoe
330 3914 424 3974 forma
444 3921 581 3992 suspecta
601 3915 771 3974 viderun-
786 3915 803 3972 2
817 3931 1016 3974 romsnrnoa
1037 3915 1155 3975 Boeelrh
1173 3903 1351 3994 rmfior‘pevrr.
1377 3915 1456 3976 Fue·

233 4009 274 4066 rit
293 4023 508 4069 τειΞοιοεΝοσ
528 4003 628 4089 ὅμοῖον
647 3999 766 4069 θάνατον
788 4010 825 4069 ab
845 4011 975 4070 Homero
995 4015 1143 4069 mutuatus
1164 4014 1209 4068 est
1221 4015 1335 4069 mutato
1355 4017 1456 4069 tamen

231 4101 403 4178 significatu.

739 4234 942 4248 Π*

233 4376 313 4441 308.
356 4379 506 4459 Smyrnae.
548 4382 727 4461 Anaglypho
747 4385 805 4443 duo
825 4384 971 4462 exsculpti
990 4385 1133 4461 homines,
1159 4386 1234 4446 alter
1253 4383 1348 4446 lorios
1372 4385 1457 4447 indu·
