3142 5032
260 398 322 462 536
805 397 931 454 addenda.

259 567 315 626 nisi
336 587 421 626 unum
440 567 586 626 hominem
611 585 734 644 eumque
760 569 856 644 ipsum
877 557 1076 628 Philemonem
1100 569 1210 628 duobus
1235 569 1296 627 illis
1323 588 1386 629 uno
1411 576 1486 646 post

258 659 382 719 alterurn
407 662 565 722 honoribus
591 662 726 721 functum.
767 663 869 739 Itaque
889 683 916 720 v.
940 665 954 721 l
982 664 1019 722 ab
1049 663 1133 722 initio
1162 663 1298 740 generale
1328 665 1483 740 quoddam

257 754 338 812 velut
357 759 440 814 amici
460 757 505 814 vel
523 761 621 814 tatone
642 755 814 815 vocabulum
834 757 1025 832 requirebam,
1045 776 1071 817 v.
1094 757 1112 814 2
1132 757 1307 816 adiectirum
1336 757 1483 816 vocabulo

257 837 427 928 σταχύεσσιν
457 851 620 909 addendum
652 849 842 927 postulabant
872 849 988 926 linguae
1017 869 1135 928 graecae
1165 851 1256 928 leges3
1286 871 1313 911 v,
1337 852 1355 909 3
1377 863 1483 910 mtrtrcs

257 943 447 1016 Augustorum
462 943 628 1002 dubitanter
643 943 738 1016 intuli,
754 945 804 1001 sed
820 944 855 1001 ci.
871 963 960 1020 supra
975 965 1003 1002 ιι.
1023 945 1095 1002 1046
1106 965 1132 1004 v.
1143 945 1180 1004 56
1191 939 1331 1023 Καίσαρος
1353 939 1481 1024 ἰφθίμοιο

256 1027 411 1114 πορέψετιιι
431 1027 532 1114 ἔμπνοα
553 1031 642 1115 μήτηρ
662 1055 725 1093 cum
746 1055 811 1094 mea
831 1037 929 1096 adnot.
971 1037 1111 1096 Faustina
1131 1039 1244 1110 dicitur,
1271 1038 1390 1097 Aurelii
1418 1059 1481 1097 ma·

255 1139 307 1200 ter,
322 1129 435 1190 Cereris
455 1133 551 1207 specie
570 1132 680 1204 induta,
700 1150 794 1206 neque
814 1150 902 1190 unam
922 1133 1011 1191 fuisse
1025 1132 1194 1191 Faustinam
1213 1133 1244 1190 in
1259 1131 1379 1192 Cereris
1394 1151 1483 1192 sacra

254 1223 478 1302 religionemque
497 1225 640 1285 adscitam
659 1231 761 1285 notum
781 1233 832 1285 est.

254 1408 357 1514 assai
397 1455 516 1531 Ephesi.
557 1454 656 1514 Wood
677 1455 868 1513 Donamus.-
887 1457 1021 1530 Iuacripl.
1035 1457 1115 1530 from
1134 1455 1175 1513 tlte
1194 1459 1246 1512 nite
1267 1457 1300 1530 os
1316 1457 1362 1514 tbe
1383 1459 1484 1534 ternpla

253 1551 287 1621 os
303 1549 402 1606 Βὶαιια
421 1569 449 1606 ιι.
471 1548 497 1608 7.

249 1665 429 1736 Ὕοιαοικὸο
453 1670 636 1756 munimina
654 1667 831 1754 Ύμμιόίοο
854 1671 1048 1759 Κο[ὀ(ιάοοιι
1072 1673 1215 1760 morbique
1240 1674 1430 1762 κηὸε[στήν
1447 1724 1482 1740 ..

378 1923 547 2011 Παοοοίης
569 1922 689 2012 ἀρετῆς
712 1920 876 2012 στάθμην,
899 1923 1097 2011 coniuratas
1119 1916 1234 2012 ἄνδρα,

459 2021 571 2106 ἔξοχον
589 2021 760 2113 Ἑλλήνων,
785 2023 967 2113 πρόκριτοι
989 2021 1181 2100 Ariconium,

378 2129 509 2191 κλεινοῦ
532 2124 723 2210 Κοδράοοιο
747 2127 847 2210 φίλον
871 2129 999 2216 πατέρ’,
1025 2118 1051 2216 ᾧ
1073 2127 1247 2211 βασίλειον

458 2222 617 2314 Ἁρμονίη
639 2223 797 2308 θάλαμον
819 2224 936 2313 πῆξαί
961 2229 1013 2294 ἐπ’
1038 2224 1189 2316 εὐγαμίῃ,

316 2337 335 2398 5
372 2327 547 2417 Ἀδριανὸς
570 2325 747 2394 Μούσαισι
767 2328 877 2408 μέλων
898 2323 1044 2417 ἀνέθηκε
1066 2333 1246 2417 Σεουῆροο,

463 2428 544 2496 οἰκῶ
563 2427 722 2516 χαλκείην
743 2425 862 2493 οὕνεκα
886 2429 1104 2516 οροσοασίος.

376 2527 467 2619 ὑ[μῖο
489 2534 543 2622 d’],
568 2519 818 2614 ἅνδρεςἽωοες,
842 2523 1018 2616 ἀγάλματα
1041 2531 1151 2598 καλὸν,
1167 2526 1323 2618 ὁρᾶσθαι

462 2629 606 2720 sorapis
631 2625 837 2718 [Ἀρτέμιδος
860 2631 1007 2718 πλ]οσίῳ
1030 2632 1063 2698 ἐν
1085 2633 1224 2714 τεμένει.

327 2771 372 2830 De
396 2771 542 2830 meidio
567 2769 719 2845 Quadrato
743 2768 863 2843 eiusque
886 2773 970 2844 patre
995 2768 1103 2829 Severo
1129 2789 1205 2846 quae
1231 2769 1287 2827 Th.
1309 2773 1485 2834 Mommsen

250 2866 518 2925 benevolentissime
535 2865 565 2921 in
585 2881 680 2922 meam
698 2863 821 2940 gratiam
838 2862 961 2939 conlegit
980 2864 1080 2938 paucis
1100 2864 1283 2940 conplectar;
1305 2867 1485 2928 adcuratius

250 2961 327 3018 enim
359 2979 476 3036 sperare
505 2959 575 3017 licet
598 2957 661 3014 fore
685 2963 718 3013 ut
741 2957 804 3032 ipse
833 2957 877 3014 vir
907 2975 1035 3016 summus
1064 2976 1125 3015 rem
1150 2957 1302 3016 difficilem
1330 2980 1405 3021 mox
1433 2983 1484 3022 ex·

249 3062 349 3128 ponat.
389 3052 497 3111 Docuit
511 3052 599 3127 igitur
613 3049 647 3110 O.
661 3049 840 3109 meidium
853 3049 1037 3124 Quadratum
1055 3049 1285 3127 intellegendum
1304 3073 1376 3114 esse
1397 3058 1439 3133 (v.
1453 3058 1484 3132 3)

249 3145 397 3204 consulem
417 3165 444 3202 a.
468 3145 530 3218 118,
551 3143 717 3202 meidiae
737 3143 938 3218 Quadratillae
957 3155 1090 3222 nepotem
1111 3144 1201 3220 (Plin.
1224 3149 1306 3220 epact.
1326 3147 1391 3209 VH
1415 3151 1484 3227 24);

250 3240 311 3296 eius
332 3248 454 3313 patrem,
475 3237 556 3295 euius
576 3255 734 3313 cognomen
754 3257 790 3295 ex
815 3238 1021 3315 epigrammate
1046 3239 1173 3314 primum
1197 3240 1398 3319 innotuisset,
1424 3246 1483 3304 for-

250 3343 327 3389 tasse
347 3330 381 3388 L.
398 3330 534 3389 Catilium
555 3328 692 3389 Severum
714 3347 777 3387 esse
797 3349 854 3392 cos.
876 3331 903 3390 ll
925 3353 950 3391 a.
975 3333 1038 3407 120,
1059 3352 1116 3409 quo
1140 3335 1270 3409 probato
1297 3337 1394 3396 simul
1415 3359 1483 3398 eon-

249 3426 327 3483 cludi
338 3442 423 3501 posse
434 3423 548 3481 titulum
558 3441 621 3481 cum
634 3423 751 3483 alterius
761 3425 927 3484 consulatus
943 3429 1050 3486 mentio
1065 3447 1121 3484 non
1132 3428 1215 3484 lieret
1226 3438 1297 3487 ante
1313 3450 1341 3490 a.
1358 3433 1419 3492 120
1430 3453 1483 3510 po·

249 3519 336 3577 situm
346 3537 418 3576 esse.
440 3517 584 3592 Quadrati
597 3537 680 3590 uxor,
694 3536 768 3596 quae
777 3521 857 3596 regia
871 3521 961 3596 stirpe
974 3527 1044 3579 nata
1056 3520 1242 3598 praedicatur
1257 3541 1286 3579 r.
1304 3525 1333 3598 3,
1352 3525 1481 3586 Momm·

249 3613 331 3672 senio
360 3613 475 3670 videtur
500 3603 686 3671 Asianorum
705 3613 825 3672 alienius
856 3633 953 3686 regum
978 3615 1039 3671 filia
1063 3614 1159 3671 fuisse.
1207 3612 1341 3678 Honoris
1371 3620 1482 3680 Severo

249 3719 394 3767 auctorem
413 3707 608 3782 carminisque
627 3709 795 3785 scriptorem
814 3709 909 3784 ipsum
928 3725 990 3765 esse
1002 3707 1183 3765 Hadrianum
1196 3707 1364 3771 Caesarem
1382 3723 1481 3791 patet;

248 3821 389 3879 quaeres
413 3819 448 3858 eo
473 3800 690 3858 memorabilior
712 3810 755 3860 est
780 3802 858 3877 quod
881 3800 1003 3860 Catilius
1027 3801 1076 3858 ille
1096 3799 1222 3860 Severus
1243 3801 1411 3869 Hadriano
1437 3812 1481 3870 in·

247 3903 368 3970 perante
385 3914 508 3972 magnae
523 3895 569 3951 vir
583 3895 761 3952 auctoritatis
778 3902 808 3952 et
822 3894 974 3969 conplures
989 3913 1081 3953 annos
1097 3895 1159 3951 urbi
1175 3895 1351 3970 praefectus
1376 3917 1482 3979 postea

248 3988 345 4063 gratia
363 3987 472 4045 excidit
491 4005 740 4063 successoremque
760 3987 878 4063 accepit.
899 4021 936 4031 —-
957 3988 974 4044 2
995 3988 1029 4046 ci.
1050 4006 1138 4062 supra
1158 3987 1195 4043 ad
1216 4007 1244 4047 n.
1270 3990 1342 4052 222.
1390 3997 1480 4056 coni.

247 4079 306 4136 cias
326 4079 420 4154 ipsum
437 4079 618 4137 Hadrianum
639 4081 779 4138 acuminis
798 4078 872 4137 illud
891 4082 1014 4156 primum
1035 4081 1188 4152 invenisse,
1211 4092 1244 4138 ut
1264 4101 1377 4148 omnes
1401 4093 1481 4149 orbis

247 4178 389 4230 terrarum
422 4182 522 4249 gentes
556 4174 668 4232 duobus
708 4173 753 4232 his
787 4173 951 4231 nominibus
988 4175 1163 4232 Graecorum
1199 4184 1228 4230 et
1265 4175 1481 4242 Romanorum

247 4263 479 4340 conplecteretur.
519 4265 642 4325 Severus
662 4265 750 4341 igitur
770 4277 827 4324 non
847 4263 1026 4325 Graecorum
1050 4265 1252 4326 nobilissimus
1279 4277 1482 4346 praedicatur

247 4360 318 4434 (uon
338 4359 414 4418 enim
434 4359 489 4416 fuit
503 4356 647 4432 Graecus)
667 4365 697 4416 et
710 4357 907 4416 Romanorum
921 4360 1063 4434 princeps,
1084 4359 1134 4414 sed
1148 4360 1284 4420 omnium
1300 4373 1482 4430 mortalium
